2090 3162
204 144 312 196 454
756 144 982 187 LIBANH
1014 132 1236 187 οΒἉΤΙο
1270 145 1332 187 XI

202 289 313 332 τῶν
338 278 710 347 Τριπτολέμου
744 282 990 348 νομίμων
1013 280 1079 331 τὰ
1109 281 1286 332 πολλὰ
1316 281 1688 348 μεθεστηκότα
1716 281 1885 331 ταῦτά

202 388 258 420 τε
298 367 604 435 ἐπανήγαγε
643 366 734 420 καὶ
775 370 874 435 την
914 371 1197 420 Κασιῶτιν
1243 366 1417 440 ᾤκισε.
1495 367 1578 420 54.
1626 370 1783 435 μείζω
1825 365 1885 420 δὲ

201 458 304 524 ἤδη
345 459 631 524 περίνοιαν
664 457 957 525 λαμβάνων
990 455 1248 526 ἐπιχειρεῖ
1286 460 1592 525 κτήσασθαι
1625 466 1687 526 τῇ
1727 459 1883 509 πόλει

200 547 299 612 τὴν
341 546 609 613 Κυπρίων
650 546 874 598 εὔνοιαν
913 546 1004 597 καὶ
1043 554 1203 613 γαμεῖ
1241 546 1341 613 τὴν
1379 544 1663 615 θυγατέρα
1703 549 1884 597 Σαλα-

157 655 174 685 5
199 636 380 701 μίνου,
415 634 474 695 ὃς
506 633 792 703 ἐτυράννει
819 635 1103 702 Κυπρίων.
1159 635 1399 703 πλεούσῃ
1434 630 1491 686 δὲ
1525 642 1589 703 τῇ
1621 633 1882 705 παρθένῳ

200 725 537 791 συνανήγετο
585 725 776 784 στόλος
822 723 1194 792 παραπομπὴν
1239 730 1302 792 τῇ
1354 723 1546 792 νύμφῃ
1593 729 1883 784 ποιοῦντες

196 811 512 863 θαλάττιον.
590 811 662 873 ὡς
713 808 773 863 δὲ
824 810 1119 878 ἐγεύσαντο
1167 819 1260 879 τῆς
1309 810 1593 880 ἡμετέρας,
1645 810 1882 880 ἀφεῖσαν

108 911 254 955 R290
286 901 385 968 τὴν
423 907 598 967 νῆσον
635 898 725 951 καὶ
762 900 767 968 Ι
803 898 1059 967 ἐγένοντο
1099 902 1264 968 μοῖρα
1303 908 1366 969 τῇ
1406 901 1576 951 πόλει.
1654 898 1739 952 55.
1788 915 1882 968 ση-

195 997 351 1054 μεῖον
391 989 458 1056 δὴ
498 986 767 1056 ποιήσαιτ’
815 989 883 1039 ἄν
921 1008 1002 1050 τις
1040 996 1138 1041 τοῦ
1179 987 1293 1040 κατ’
1336 987 1535 1058 ἀρετὴν
1574 991 1881 1056 βεβοῆσθαι

131 1098 172 1128 10
196 1077 293 1129 τὸν
333 1077 524 1129 Κάσον
562 1077 622 1129 τὸ
663 1077 761 1129 τὸν
801 1078 1040 1146 ἄρχοντα
1078 1078 1252 1145 νήσου
1299 1077 1565 1144 τοσαύτης
1603 1077 1664 1130 τὸ
1714 1077 1882 1144 κῆδος

197 1165 443 1234 ἀσμένως
476 1166 835 1228 συνάψασθαι
867 1163 957 1217 καὶ
989 1173 1083 1234 τῆς
1115 1185 1175 1233 γε
1207 1166 1537 1235 ἡμερότητος
1559 1173 1660 1217 τοῦ
1686 1165 1879 1218 Κάσου

195 1262 423 1322 σημεῖον
461 1254 522 1305 τὸ
562 1255 692 1315 τοὺς
743 1255 978 1321 ἄγοντας
1028 1255 1128 1322 τὴν
1166 1256 1337 1324 κόρην
1376 1252 1716 1306 ἀνθελέσθαι
1769 1263 1879 1305 τῶν

195 1343 472 1411 φιλτάτων
511 1343 611 1410 τὴν
650 1344 989 1412 προστασίαν
1021 1341 1251 1395 ἐκείνου.
1314 1340 1398 1396 56.
1440 1341 1649 1408 λέγεται
1690 1343 1751 1394 δὲ
1790 1341 1878 1394 καὶ

192 1440 303 1483 τῶν
335 1429 710 1500 (Ηρακλειδῶν
741 1450 894 1493 τινας
931 1432 1067 1484 κατὰ
1105 1432 1205 1499 τὴν
1245 1433 1433 1484 ἔλασιν
1471 1431 1542 1498 ἣν
1572 1429 1663 1482 ὑπ’
1696 1431 1880 1499 Εὐρυ-

128 1540 169 1572 15
194 1518 375 1581 σθέως
423 1519 750 1587 ἠλαύνοντο,
805 1522 1046 1581 πολλοὺς
1085 1518 1319 1572 Ἠλείων
1366 1521 1600 1587 ἄγοντας
1643 1519 1734 1571 καὶ
1779 1519 1880 1586 τὴν

190 1605 292 1675 μὲν
324 1607 604 1677 Εὐρώπην
643 1608 877 1675 ἅπασαν,
917 1615 1012 1675 τῆς
1052 1604 1112 1660 δὲ
1146 1606 1329 1670 Ἀσίας
1366 1609 1466 1676 τὴν
1506 1608 1678 1676 ἄλλην
1715 1607 1876 1677 ὑπερ-

192 1697 412 1759 ιδόντας
464 1695 711 1748 ἐνταῦθα
761 1704 953 1764 στῆσαι
992 1698 1123 1758 τοὺς
1169 1697 1417 1764 μόχθους
1466 1697 1554 1748 καὶ
1602 1696 1772 1748 αὐτοῦ
1820 1716 1876 1748 τε

193 1786 495 1853 ἱδρυθῆναι
559 1785 649 1837 καὶ
711 1787 1040 1854 προσθήκην
1102 1783 1378 1853 ἀνεγεῖραι
1439 1793 1503 1854 τῇ
1565 1787 1722 1838 πόλει
1777 1787 1877 1853 τὴν

183 1871 526 1942 τΗράκλειαν.
604 1872 689 1925 57.
742 1875 1006 1926 σκοπείτω
1059 1874 1129 1940 δή
1178 1892 1260 1935 τις
1308 1874 1408 1941 τὴν
1456 1872 1740 1941 εὐγένειαν
1785 1872 1875 1926 καὶ
1956 1933 1958 1938 ,

125 1983 167 2014 20
193 1962 264 2024 ὡς
303 1963 488 2030 ὅτιπερ
536 1962 829 2031 κράτιστον
868 1971 979 2014 τῶν
1027 1959 1351 2030 ἑκασταχοῦ,
1398 1969 1561 2014 τοῦτο
1611 1960 1876 2014 ἐνταυθοῖ

308 2142 332 2180 9
359 2137 464 2180 Her.
491 2136 556 2179 111
581 2141 650 2190 39,
669 2141 694 2179 2
798 2140 851 2179 10
876 2136 1020 2180 Thuc.
1044 2135 1087 2179 Π
1111 2140 1180 2190 29,
1201 2140 1225 2180 3
1320 2141 1373 2179 14
1398 2135 1454 2180 ef.
1473 2135 1630 2180 Malal.
1657 2151 1701 2192 p.
1729 2141 1828 2190 204,
1847 2141 1871 2180 9

307 2318 331 2356 2
358 2314 588 2386 κασιώτην
616 2313 741 2357 MCa
756 2312 858 2356 Mor
918 2313 1145 2369 κασσιώτη
1149 2329 1175 2356 ν
1195 2315 1279 2357 Mo
1307 2313 1312 2370 Ι
1341 2295 1478 2356 danlae
1507 2312 1543 2354 Ι
1612 2311 1760 2369 ὤκησε
1788 2314 1872 2357 Mo

249 2377 276 2414 4
309 2369 579 2428 Σαλαμίνου
624 2371 788 2427 scripsi
832 2385 856 2415 e
887 2330 1145 2415 Pausaniam
1153 2371 1367 2415 Damaso.
1407 2371 1462 2414 fr.
1487 2375 1514 2413 4
1555 2371 1681 2426 apud
1712 2371 1869 2415 Malal.

189 2430 274 2474 1.1.
300 2430 512 2487 (Mueller
542 2430 596 2473 fr.
621 2430 728 2474 hisiz.
754 2429 819 2473 IV
842 2433 945 2487 469)
975 2429 998 2474 ὁ
1031 2429 1188 2482 Κάσος
1219 2431 1431 2489 βασιλεὺς
1462 2429 1658 2487 ἠγάγετο
1675 2427 1871 2486 Ἀμυκὴν

189 2489 273 2546 τὴν
305 2490 386 2533 καὶ
417 2487 626 2543 Κιττίαν,
665 2487 904 2546 θυγατέρα
935 2487 1208 2546 Σαλαμίνου
1249 2490 1365 2546 (eod.
1400 2488 1564 2533 Oxonae
1606 2487 1872 2547 σαῙσαλαμί-

192 2550 297 2605 νου)
335 2555 417 2592 του
449 2546 675 2604 Κυπρίων
707 2546 925 2606 βασιλέως
1000 2551 1250 2606 σαλαμῖνος
1278 2548 1389 2592 libri
1420 2548 1512 2592 edd
1632 2552 1655 2590 7
1689 2549 1873 2602 „malim

188 2651 379 2707 ἀφῆκαν
405 2657 488 2695 aut
511 2648 742 2707 ἀφίεσαν“
759 2651 828 2695 Re
942 2655 966 2694 9
992 2652 1051 2709 δὴ
1077 2651 1122 2694 Ρ
1178 2651 1228 2696 δὲ
1253 2651 1330 2695 ΙΒ
1432 2655 1488 2693 10
1515 2650 1691 2708 Κάσον]
1720 2650 1837 2707 άνδρ
1840 2668 1870 2693 α

191 2712 275 2754 Mo
397 2714 449 2752 11
475 2709 649 2753 πάσσον
676 2712 760 2754 Mo
882 2713 935 2752 13
960 2669 1051 2768 λέγη
1037 2726 1136 2755 εται
1160 2737 1214 2742 --
1242 2713 1296 2752 19
1328 2708 1580 2765 ἡράκλειαν
1613 2710 1729 2753 estat
1752 2709 1869 2752 Plan

190 2768 268 2812 fol.
312 2772 395 2812 103
548 2773 601 2812 13
648 2769 729 2812 καὶ
774 2782 849 2812 om
898 2769 1230 2814 UIBMMoCa
1263 2767 1380 2811 Plan
1532 2773 1584 2811 16
1632 2765 1680 2812 δ’
1713 2768 1782 2812 Re

192 2831 246 2870 18
294 2827 579 2882 ἱδρυνθῆναι
622 2827 687 2871 Oa
739 2830 746 2884 Ι
798 2827 1006 2884 διεγεῖραι
1049 2829 1087 2873 0
1129 2827 1210 2874 sed
1248 2843 1274 2870 ν
1319 2839 1544 2883 suprascr.
1585 2826 1655 2870 m²
1698 2827 1871 2882 ἐγεῖραι

193 2886 406 2931 MMoCa
489 2886 672 2942 ἀγεῖραι
703 2887 738 2929 Ι
762 2885 844 2930 sed
886 2902 941 2942 γρ
984 2887 1219 2960 ἀνεγεῖραι
1251 2899 1476 2942 suprascr.
1509 2885 1579 2930 m²
1609 2885 1789 2930 BPlan

195 2948 248 2987 19
282 2943 336 2990 δέ
366 2947 428 2990 Μ
573 2949 629 2988 20
661 2943 855 2989 ἕκαστον
887 2946 932 2988 Β
1016 2944 1287 3004 ἁπανταχοῦ
1322 2946 1405 2989 Mo
