2090 3162
200 1078 240 1109 10

201 1521 240 1552 15

267 126 372 177 512
817 126 1043 169 LIBANII
1074 126 1296 170 ORATIO
1328 127 1392 170 XI

266 258 490 329 συνεχὲς
546 262 1041 329 διασπασθήσεται,
1097 261 1234 314 ἀλλὰ
1287 263 1348 314 τὸ
1402 263 1503 329 μὲν
1550 266 1668 326 ἔτος
1722 264 1780 317 ἐκ
1833 275 1944 318 τῶν

266 350 424 417 ὡρῶν
464 350 556 409 τὰς
596 351 897 417 μεταβολὰς
944 351 1233 418 λαμβάνει,
1280 351 1340 402 τὸ
1382 351 1443 403 δὲ
1481 362 1591 404 τῶν
1631 363 1944 406 συνουσιῶν

264 436 378 488 κατ’
426 437 689 505 οὐδεμίαν
730 437 1072 505 ἀλλοιοῦται,
1121 438 1236 490 ἀλλ’
1283 439 1311 492 ὁ
1350 437 1452 506 μὲν
1491 442 1695 510 ὄμβρος
1735 440 1945 510 ε’νοχλεῖ

264 535 380 587 ταῖς
431 525 693 594 ὀροφαῖς,
745 527 898 594 ἡμεῖς
937 524 996 578 δὲ
1038 526 1097 579 ἐν
1138 527 1325 590 αὐταῖς
1363 528 1515 595 <ταῖς
1555 531 1774 596 στοαῖς>
1813 531 1944 598 μετὰ

266 614 546 683 ῥᾳστώνης
570 616 884 681 βαδίζοντες
909 610 974 667 οὗ
999 616 1189 683 καιρὸς
1223 619 1637 683 συγκαθίζομεν.
1699 618 1821 670 217.
1854 619 1945 671 καὶ

264 703 368 771 γὰρ
410 703 530 755 ὅσοι
569 705 634 755 τὰ
672 713 783 755 τῶν
824 712 1119 756 στενωπῶν
1159 705 1410 756 οἰκοῦσιν
1448 703 1667 774 ἔσχατα,
1713 708 1946 770 τούτους

267 793 319 842 οἱ
372 789 499 843 καθ’
564 790 820 861 ἑκάτερον
873 801 1060 860 τοῖχον
1113 792 1550 862 προβεβλημένοι
1605 796 1945 865 δρύφρακτοι

263 889 373 931 τῶν
413 882 636 949 ὄμβρων
676 880 935 949 ῥυόμενοι
983 881 1119 950 πρὸς
1158 883 1253 942 τὰς
1300 883 1461 944 στοὰς
1507 882 1754 952 ἀβρόχως
1802 885 1944 936 εἰσά-

265 981 475 1035 γουσιν.
540 970 748 1021 οὐκοῦν
777 977 893 1031 τοῖς
923 966 1025 1037 μὲν
1064 970 1250 1032 ἄλλοις
1287 969 1418 1022 καθ’
1457 971 1591 1024 ὅσον
1623 973 1944 1042 διίστανται,

265 1057 325 1108 τὸ
366 1065 459 1125 τῆς
511 1059 812 1125 συνηθείας
863 1057 1219 1126 ἀμβλύνεται,
1270 1058 1395 1128 παρ’
1441 1060 1572 1128 ἡμῖν
1623 1058 1683 1112 δὲ
1733 1068 1807 1132 τῷ
1851 1070 1946 1130 τῆς

266 1145 481 1213 ὁμιλίας
514 1146 771 1217 ἀπαύστῳ
803 1147 863 1198 τὸ
897 1154 992 1214 τῆς
1025 1149 1213 1215 φιλίας
1245 1147 1479 1216 ἀκμάζει,
1518 1147 1609 1202 καὶ
1649 1150 1782 1202 ὅσον
1812 1150 1947 1203 ὑπο-

266 1236 498 1286 δίδωσιν
538 1233 661 1301 ἐκεῖ,
701 1235 829 1304 τῇδε
866 1236 1290 1303 προσλαμβάνει.

375 1323 497 1374 218.
553 1322 770 1375 Οὑτωσὶ
809 1320 910 1389 μὲν
950 1324 1017 1375 οὔ
1048 1344 1100 1376 τι
1138 1326 1276 1393 πρὸς
1313 1323 1523 1393 ἡδονὴν
1563 1330 1773 1392 μᾶλλον
1810 1327 1842 1395 ἢ
1882 1329 1947 1380 τὰ

265 1410 490 1478 μέγιστα
529 1421 639 1464 τῶν
678 1411 739 1463 ἐν
778 1411 1098 1481 ἀνθρώποις
1135 1414 1196 1466 τὸ
1235 1422 1346 1465 τῶν
1386 1423 1565 1466 στοῶν
1602 1423 1772 1483 μῆκος
1812 1428 1946 1484 συμ-

264 1499 547 1567 βέβληται,
588 1493 674 1562 αἷς
714 1501 1119 1570 ἱππόδρομός
1165 1521 1223 1554 τε
1262 1503 1648 1572 προσύφανται
1687 1502 1778 1557 καὶ
1816 1504 1947 1557 θέα-

388 1723 410 1760 7
445 1718 801 1774 δρύφρακτοι
832 1718 890 1761 τὰ
922 1719 1254 1776 διαφράγματα
1287 1717 1314 1775 ἢ
1338 1719 1395 1763 τὰ
1426 1718 1797 1778 περιτειχίσματα
1830 1720 1858 1778 ἢ
1891 1722 1947 1766 τὰ

267 1776 466 1833 κάγγελα
521 1777 593 1833 (cf.
644 1777 784 1821 schol.
834 1778 895 1821 ad
932 1779 1009 1822 Ar.
1042 1779 1178 1834 Vesp.
1215 1781 1329 1835 386).
1409 1779 1627 1835 εἰρῆσθαι
1677 1780 1728 1825 δὲ
1779 1779 1948 1836 κυρίως

266 1835 421 1879 πάντα
452 1836 509 1879 τὰ
541 1837 634 1880 ἀπὸ
667 1837 812 1889 ξύλων
844 1836 1089 1894 γενόμενα·
1132 1838 1176 1881 οἱ
1215 1837 1300 1895 γὰρ
1342 1840 1531 1882 παλαιοὶ
1562 1838 1716 1882 πάντα
1748 1838 1804 1882 τὰ
1835 1840 1947 1892 ξύλα

268 1895 413 1948 ὃρύας
445 1895 639 1939 ἐκάλουν
672 1896 745 1952 (of.
780 1896 920 1939 schol.
955 1898 1014 1939 ad
1042 1897 1117 1940 Ar.
1146 1897 1259 1952 Equ.
1289 1901 1385 1941 675.
1435 1897 1593 1941 Thom.
1619 1899 1678 1941 M.
1707 1913 1739 1941 S.
1758 1914 1797 1941 v.
1832 1901 1947 1954 δρῦν

265 1969 308 2009 p.
343 1958 413 2007 95,
441 1957 511 2010 12)
545 1954 613 1998 Β2

388 2165 409 2202 1
445 2161 650 2216 ἀσφαλὲς
675 2162 736 2205 Μ
757 2162 838 2205 sed
869 2179 923 2218 γρ
958 2161 1142 2219 συνεχὲς
1172 2163 1221 2204 in
1252 2176 1385 2219 marg
1416 2163 1485 2207 m²
1516 2164 1563 2206 et
1597 2162 1659 2207 Ca
1779 2167 1805 2205 3
1839 2163 1947 2207 οὐδὲ

269 2217 380 2275 μίαν
404 2221 439 2262 Ι
564 2225 590 2262 3
623 2219 646 2263 ὁ
681 2247 735 2252 —-
762 2225 787 2264 5
821 2218 1161 2278 συγκαθίζομεν
1194 2221 1309 2264 citat
1338 2221 1456 2265 Plan
1486 2221 1564 2265 fol.
1593 2227 1671 2264 99v
1803 2227 1830 2265 4
1862 2219 1942 2266 ὑπ’

267 2278 335 2321 Re
352 2279 489 2321 Anim
553 2279 716 2329 αὐλαῖς
744 2279 907 2323 Iacobs
946 2281 952 2336 Ι
990 2287 1092 2330 ταῖς
1123 2288 1279 2330 στοαῖς
1307 2281 1482 2325 inserui
1604 2285 1628 2323 6
1662 2297 1717 2324 ου
1750 2281 1948 2324 alterum

266 2337 315 2379 in
338 2338 530 2387 τούτους
554 2351 608 2380 ex
633 2354 678 2381 οι
702 2351 803 2381 corr
828 2338 907 2382 M2
962 2366 965 2368 v
1030 2343 1052 2381 7
1078 2337 1372 2383 καθέκαστον
1397 2341 1482 2384 Mo
1509 2340 1514 2397 Ι
1543 2339 1758 2395 ἑκάτερον
1784 2340 1948 2396 scripsi

269 2409 372 2438 cum
396 2396 464 2439 Re
480 2396 619 2439 Anim
651 2410 706 2440 ex
729 2398 764 2440 I
781 2397 880 2453 (sed
911 2410 967 2440 ex
998 2396 1151 2453 ἕτερον
1177 2412 1277 2442 corr
1298 2398 1384 2455 m2)
1454 2397 1610 2452 ἕτερον
1641 2399 1809 2455 reliqui
1840 2398 1948 2442 libri

268 2456 478 2510 (excepto
504 2456 604 2512 Mo)
638 2455 728 2498 edd
802 2453 977 2511 τρόπον
998 2457 1090 2500 AP
1119 2457 1217 2513 (sed.
1247 2458 1298 2500 in
1328 2457 1415 2500 hoc
1446 2474 1500 2513 γρ
1533 2465 1688 2515 τοῖχον
1721 2471 1946 2514 suprascr.

266 2512 354 2569 m2)
378 2515 412 2556 Ι
430 2514 529 2569 (sed
560 2515 609 2557 in
639 2514 728 2558 hoc
760 2528 900 2571 supra
930 2523 1087 2572 τοῖχον
1120 2517 1344 2572 scriplum
1367 2518 1415 2559 et
1444 2518 1608 2572 postea
1633 2517 1830 2573 erasum)
1873 2517 1879 2575 Ι
1922 2533 1947 2572 ρ

269 2572 468 2615 alterum
491 2573 539 2615 in
565 2573 854 2629 ὃρύφρακτοι
881 2574 1004 2617 inser
1031 2574 1178 2619 G⁸M²
1237 2575 1499 2631 ὃρύφακτοι
1521 2576 1557 2618 Ι
1670 2580 1695 2619 8
1721 2573 1950 2634 ἀβρόχους

270 2631 445 2676 BMGa
588 2637 612 2675 9
638 2633 810 2676 οὐκοῦν
835 2659 890 2665 -
922 2638 974 2676 12
1006 2633 1351 2691 προσλαμβάνει
1389 2634 1505 2677 citat
1535 2634 1652 2678 Plan
1690 2633 1769 2678 fol.
1796 2638 1876 2677 99v

270 2694 295 2732 9
335 2689 418 2745 μὲν
449 2703 524 2734 om
557 2691 642 2735 Mo
683 2690 690 2749 Ι
731 2690 942 2736 καθόσον
964 2693 1179 2737 APUIB
1202 2693 1319 2736 Plan
1334 2693 1404 2736 Re
1527 2698 1579 2736 13
1613 2693 1666 2737 οὔ
1698 2709 1742 2736 τι
1786 2692 1966 2749 scripsi*

329 2747 474 2799 οὕτως
518 2748 627 2792 libri
675 2750 739 2807 (in
784 2751 888 2795 MR
934 2751 1093 2794 tamen
1133 2768 1222 2802 τως
1268 2753 1465 2807 erasum)
1512 2753 1704 2808 excepto
1740 2752 1825 2796 Mo
1867 2749 1948 2805 qui

270 2807 413 2852 habet
453 2808 509 2852 οὐ
547 2810 601 2851 ut
631 2808 721 2863 Re,
762 2811 809 2853 eb
830 2810 867 2854 I
889 2809 939 2852 in
979 2823 1068 2865 quo
1106 2812 1177 2869 est
1213 2823 1375 2854 rasura
1407 2815 1432 2852 2
1465 2810 1536 2854 vel
1569 2815 1594 2853 3
1633 2810 1732 2864 litt,
1771 2811 1818 2854 eia
1847 2809 1949 2852 Mor

332 2867 415 2923 οὐχ
447 2867 508 2916 ὡς
538 2867 643 2910 coni
674 2868 742 2911 Re
896 2871 950 2911 14
984 2884 1008 2912 ο
1039 2868 1088 2910 in
1118 2869 1170 2913 τὸ
1209 2869 1258 2912 in
1287 2881 1363 2912 ras
1394 2868 1452 2912 1²
1491 2871 1496 2926 Ι
1537 2867 1838 2928 συμβάλλεται
1863 2869 1948 2913 Mo

334 2930 386 2968 15
418 2939 536 2979 προσ
566 2925 616 2968 in
646 2926 972 2982 προσύφανται
1002 2940 1213 2984 praepos.
1239 2926 1298 2972 1²
