2090 3162
735 124 962 167 LIBANII
994 123 1215 168 ORATIO
1249 124 1311 168 XI
1756 125 1861 176 491

171 261 445 314 ἐλθοῦσαι
496 261 587 313 καὶ
638 260 970 328 γευσάμεναι
1018 259 1366 329 παρατάξεως
1413 259 1502 312 καὶ
1542 261 1867 330 τραυμάτων

171 350 262 402 καὶ
305 351 403 402 τὸν
434 347 515 401 ἐπ’
548 347 798 416 Ἀμαζόσι
834 349 1238 416 πιστωσάμεναι
1270 351 1457 416 λόγον·
1499 349 1636 402 ὥστε
1676 350 1728 401 οἱ
1766 346 1866 418 μὲν

169 441 402 505 ἔκειντο,
436 439 489 490 οἱ
523 438 584 490 δὲ
615 440 874 506 ἔφευγον,
908 439 960 490 οἱ
994 435 1053 490 δὲ
1086 438 1396 506 ἡλίσκοντο,
1429 439 1520 490 καὶ
1547 437 1579 506 ἡ
1605 438 1866 507 τυραννὶς

169 527 279 579 οὐκ
317 527 548 594 ἤρκεσεν
584 525 792 595 ἡμέραν
831 527 909 589 εἰς
949 526 1226 595 δευτέραν.

291 614 408 666 163.
458 616 691 684 Τοιαύτη
732 615 835 683 μὲν
875 614 936 668 ἐν
974 623 1090 678 τοῖς
1128 613 1410 684 ἐπείγουσι
1443 624 1553 668 τῶν
1584 615 1865 668 κινδύνων
1912 637 1931 668 5

172 703 208 771 ἡ
249 705 407 766 πόλις
447 704 695 767 σώζουσα
733 705 798 755 τὰ
845 706 1157 772 τολμήματα
1195 713 1307 756 τῶν
1345 706 1637 774 προγόνων
1670 703 1677 774 Ι
1714 703 1773 756 έν
1805 717 1845 759 R
1868 721 1951 759 326

171 799 243 861 τῇ
283 793 463 860 φύσει.
543 802 830 859 σκοπῶμεν
864 793 1075 859 τοίνυν,
1116 793 1165 844 εἰ
1203 793 1294 845 καὶ
1332 794 1429 855 τὰς
1467 793 1634 855 ἄλλας
1673 792 1865 860 ἀρετὰς

182 884 485 949 Αθηναίων
524 879 811 949 ἐφύλαξεν,
852 880 949 943 οὓς
987 880 1204 943 ἐδέξατο
1245 883 1556 943 συνοίκους.

296 969 413 1021 164.
458 969 683 1022 Οὐκοῦν
720 968 979 1037 μέγιστον
1016 966 1117 1036 μὲν
1155 968 1270 1022 κατ’
1309 968 1535 1022 ἐκείνων
1574 968 1862 1038 ἐγκώμιον,

176 1058 260 1110 ὅτι
320 1059 515 1126 κοινὴν
568 1060 893 1127 καταφυγὴν
947 1056 1190 1129 ἀνέῳξαν
1242 1066 1358 1120 τοῖς
1420 1056 1702 1125 δεομένοις
1762 1059 1863 1125 τὴν
1889 1079 1930 1111 ιο

178 1147 379 1215 αὑτῶν,
410 1147 502 1199 καὶ
534 1145 835 1217 συνέρρεον
865 1149 1216 1216 πανταχόθεν
1228 1145 1487 1215 Ἀθήναζε
1518 1145 1681 1214 ξένοι,
1711 1145 1865 1214 ἡμεῖς

170 1232 235 1288 δὲ
281 1233 408 1288 καθ’
442 1234 684 1305 Ὅμηρον
723 1242 911 1307 μακρῷ
951 1236 1119 1305 ταύτῃ
1167 1234 1419 1305 πατέρων
1458 1235 1737 1304 ἀμείνους·
1795 1234 1861 1287 οὐ

173 1325 279 1393 γὰρ
321 1326 435 1376 ἔστι
474 1326 647 1391 πόλις,
686 1320 750 1392 ἧς
790 1323 857 1376 οὐ
889 1322 1198 1392 δεδέγμεθα
1228 1322 1404 1393 μέρος.
1471 1323 1609 1376 ἀλλὰ
1638 1324 1862 1385 πλείους

175 1409 277 1481 μὲν
317 1411 409 1481 ἀφ’
451 1411 677 1481 ἑκάστης
715 1413 817 1465 οὐκ
856 1410 1008 1465 ἔστιν
1047 1413 1239 1480 εἰπεῖν,
1280 1412 1346 1465 οὐ
1385 1416 1573 1483 πολλῷ
1615 1409 1676 1464 δὲ
1711 1410 1862 1464 ἐλάτ-

171 1521 303 1563 τους
340 1510 452 1554 τῶν
489 1502 933 1570 καταμεινάντων
974 1499 1273 1569 ἑκασταχοῦ
1312 1503 1442 1562 τοὺς
1488 1501 1656 1570 δεῦρο
1704 1520 1860 1567 μετα-
1885 1521 1926 1554 15

168 1589 402 1651 στάντας
449 1588 774 1658 δεδέγμεθα,
822 1591 952 1652 τοὺς
997 1586 1099 1658 μὲν
1137 1596 1352 1658 τρυφῆς
1399 1587 1692 1659 ἐπιθυμίᾳ,
1731 1591 1860 1651 τοὺς

166 1675 230 1731 δὲ
281 1676 396 1730 κατ’
449 1677 712 1748 ἐμπορίας
763 1679 950 1746 λόγον,
1000 1679 1132 1740 τοὺς
1181 1674 1243 1730 δὲ
1293 1676 1407 1730 κατ’
1464 1675 1732 1740 ἐπίδειξιν
1782 1672 1860 1730 ὧν

163 1765 502 1834 ἐπίστανται,
534 1769 664 1829 τοὺς
695 1763 757 1819 δὲ
788 1767 862 1830 ὡς
893 1765 981 1819 ἐπὶ
1012 1767 1204 1829 πενίας
1236 1766 1535 1836 ἀπαλλαγῇ.
1587 1764 1707 1818 165.
1740 1767 1862 1833 ἄγει

166 1851 231 1907 δὲ
268 1857 398 1917 τοὺς
434 1851 536 1922 μὲν
572 1855 848 1924 ὑπεροψία
892 1862 988 1924 τῆς
1032 1855 1385 1924 ὑπαρχούσης
1430 1854 1503 1917 ὡς
1548 1851 1858 1921 ἐλάττονος,

164 1945 298 2006 τοὺς
347 1940 408 1996 δὲ
447 1942 626 2013 ἀέρων
663 1941 801 2011 ἔρως
838 1962 895 1996 τε
933 1942 1024 1996 καὶ
1063 1946 1238 2011 φυγή·
1289 1943 1562 2012 φεύγουσι
1611 1939 1713 2009 μὲν
1750 1943 1855 2011 γὰρ
1882 1965 1925 1997 20

166 2032 267 2084 τὸν
316 2031 517 2100 αὑτῶν,
568 2030 734 2102 ἐρῶσι
785 2028 846 2084 δὲ
896 2039 995 2084 τοῦ
1043 2030 1169 2101 παρ’
1216 2032 1361 2101 ἡμῖν.
1438 2029 1578 2085 ὥσθ’
1624 2032 1678 2084 οἱ
1723 2029 1850 2083 καθ’

250 2241 252 2243 ’
287 2255 313 2295 9
338 2250 467 2295 Dem.
492 2251 610 2295 Phil.
628 2251 670 2295 Π
695 2255 720 2294 9
745 2266 788 2307 p.
820 2254 890 2305 68,
908 2255 932 2294 2
1036 2254 1090 2294 ιο
1107 2250 1249 2294 Thac.
1276 2249 1319 2293 11
1342 2253 1413 2304 39,
1434 2254 1455 2292 1
1560 2254 1613 2293 12
1638 2249 1689 2293 11.
1717 2251 1747 2294 ὃ
1770 2254 1856 2294 405

290 2462 312 2500 1
347 2456 502 2501 ἰοῦσαι
525 2458 572 2502 Α
614 2457 695 2501 sed
737 2457 787 2500 in
825 2470 959 2514 marg
1000 2473 1055 2513 γρ
1089 2456 1326 2510 ἐλθοῦσαι,
1358 2456 1492 2500 PRe
1629 2461 1654 2500 2
1686 2464 1778 2501 τῶν
1810 2459 1858 2500 et

166 2513 319 2573 λόγων
351 2516 419 2561 Ga
536 2521 564 2559 4
589 2516 654 2567 εἰς
682 2514 859 2573 ἡμέραν
891 2513 1115 2570 δευτέραν
1139 2516 1315 2560 BMGa
1435 2519 1462 2559 ὅ
1493 2513 1650 2572 μέντοι
1682 2515 1858 2559 BMGa

231 2578 284 2618 11
318 2575 472 2620 αὐτῶν
503 2575 590 2620 UB
712 2580 766 2618 13
800 2575 854 2619 οὐ
888 2588 964 2618 om
988 2574 1115 2620 Mea
1131 2575 1233 2618 Mor
1259 2575 1265 2632 Ι
1295 2572 1579 2631 ἐδεδέγμεθα
1612 2575 1740 2620 Mea
1756 2573 1860 2619 Mor

229 2631 491 2691 δεδέσμεθα
523 2636 608 2679 Mo
649 2634 656 2692 Ι
697 2631 915 2684 πλείονας
946 2634 1057 2678 ΒΜ
1174 2639 1229 2677 14
1261 2630 1340 2688 ἐφ’
1370 2633 1455 2678 Μο
1577 2638 1633 2677 15
1657 2640 1749 2677 τῶν
1781 2647 1857 2677 om

171 2693 258 2737 Mo
369 2697 423 2736 1‘1
456 2691 683 2750 ἐμπορίαν
713 2691 861 2750 λόγων
893 2691 1050 2736 Gasda
1074 2692 1178 2737 coll.
1205 2707 1268 2736 or.
1292 2691 1380 2748 Ip.
1403 2696 1500 2747 110,
1520 2697 1543 2735 1
1577 2693 1624 2745 ἐξ
1657 2690 1856 2748 ὅσουπερ

165 2749 368 2808 ἐμπορία
402 2749 564 2809 λόγων,
595 2751 794 2796 fort-asse
837 2754 983 2805 recte,
1028 2753 1079 2795 at
1115 2751 1173 2795 cf.
1205 2751 1312 2795 Her.
1344 2750 1410 2794 HI
1441 2755 1539 2805 139,
1567 2757 1589 2795 1
1630 2749 1856 2796 ἀπίκοντο

168 2807 275 2855 κατ’
312 2808 537 2867 ἐμπορίην
567 2812 617 2855 et
644 2810 782 2855 Isocr.
815 2811 986 2867 trapez.
1019 2813 1101 2867 (or.
1125 2809 1270 2867 XVII)
1293 2815 1321 2853 4
1351 2824 1397 2866 p.
1431 2814 1517 2854 359
1535 2823 1563 2853 a
1601 2809 1858 2867 ἐξέπεμψεν

169 2868 268 2927 ἅμα
305 2870 386 2914 καὶ
415 2865 521 2914 κατ’
558 2867 786 2927 ἐμπορίαν
816 2869 898 2913 καὶ
935 2868 1055 2914 κατὰ
1092 2867 1303 2925 θεωρίαν
1334 2871 1382 2913 et
1410 2883 1456 2925 p.
1480 2873 1649 2925 492‚2;
1682 2872 1782 2922 508,
1802 2873 1855 2912 12

230 2933 287 2972 20
319 2926 455 2983 ἀέρος
479 2929 525 2973 Β
601 2943 677 2973 om
701 2929 788 2973 Mo
923 2933 976 2972 21
1011 2928 1166 2972 αὐτῶν
1193 2929 1276 2973 Mo
1308 2927 1399 2972 edd
