2090 3162
783 109 1007 152 LIBANH
1040 108 1262 154 ORATIO
1295 110 1357 153 XI
1799 112 1901 164 451

337 244 422 295 44.
461 242 677 312 Ἴναχος
728 241 796 311 ἦν
834 246 954 307 υἱὸς
1003 242 1104 312 μὲν
1143 253 1236 312 τῆς
1277 248 1401 313 Γῆς,
1436 245 1577 308 Ἰοῦς
1617 247 1677 299 δὲ
1716 249 1905 314 πατήρ.

226 339 290 400 τῇ
332 329 390 384 δὲ
425 325 522 385 Ἰοῖ
561 334 726 402 ταύτῃ
772 336 910 395 Ζεὺς
948 332 1176 401 ἐραστὴς
1215 337 1508 401 γενόμενος
1540 343 1730 403 συνῆν.
1791 335 1904 388 ἐπεὶ

226 418 286 471 δὲ
320 421 419 473 οὐκ
452 419 726 474 ἐλάνθανε
759 424 858 490 τὴν
877 421 1075 491 ’Ήραν,
1114 432 1260 475 ποιεῖ
1292 425 1391 491 τὴν
1431 425 1734 491 ἄνθρωπον
1765 426 1906 490 βοῦν

223 507 312 561 καὶ
346 510 488 562 οὕτω
523 518 715 578 συνῆν.
758 508 904 578 ’Ἡρα
930 509 1007 578 δέ,
1040 511 1128 563 καὶ
1162 513 1264 579 γὰρ
1298 519 1459 564 τοῦτο
1495 511 1715 582 ᾔσθετο,
1741 515 1904 580 πλήτ-

222 617 300 650 τει
339 600 439 666 τὴν
476 601 619 665 βοῦν
658 604 876 671 οἴστρῳ,
915 601 1004 652 καὶ
1045 601 1246 667 δρόμος
1277 597 1347 668 ἧν
1379 601 1514 670 αὐτῇ
1549 600 1620 653 δι’
1653 599 1904 669 ἑκατέρας
1950 623 1969 654 5

222 687 466 754 ἠπείρου.
543 687 629 739 45.
665 686 882 757 Ἴναχος
922 685 981 740 δὲ
1032 692 1202 757 ζητῶν
1241 690 1341 756 τὴν
1381 689 1551 741 αὑτοῦ
1590 688 1680 741 καὶ
1721 689 1904 757 εὑρεῖν

221 776 322 828 οὐκ
361 773 503 844 ἔχων
541 775 630 828 καὶ
672 779 861 844 λαβεῖν
900 775 1190 843 ἐπιθυμῶν
1229 785 1366 839 ναῦς
1403 777 1660 830 καθέλκει
1691 775 1780 829 καὶ
1813 777 1900 845 ἐμ-

218 866 450 930 βιβάσας
489 866 691 926 ἄλλους
728 884 785 917 τε
807 863 1063 933 Ἀργείων
1101 867 1230 928 τοὺς
1270 865 1331 918 ἐν
1369 867 1513 937 λόγῳ
1553 864 1642 917 καὶ
1676 867 1899 933 Τριπτό-

220 956 387 1018 λεμον
418 955 656 1021 ἡγεμόνα
689 950 830 1005 εἶναι
861 961 959 1005 τοῦ
992 955 1195 1016 παντὸς
1234 952 1530 1022 ἐξέπεμψεν
1561 952 1649 1006 ἐπὶ
1683 956 1900 1022 ζήτησιν

217 1050 311 1109 τῆς
341 1041 717 1110 ἠφανισμένης
748 1043 1042 1109 θυγατρός.
1095 1042 1183 1094 46.
1216 1043 1268 1094 οἱ
1302 1038 1361 1093 δὲ
1392 1042 1568 1093 πάντα
1599 1038 1700 1107 μὲν
1722 1043 1899 1109 πόρον
1923 1065 1964 1095 10

216 1132 460 1198 ἔτεμνον,
498 1130 676 1182 πάντα
715 1127 775 1182 δὲ
813 1131 1073 1198 πορθμὸν
1113 1129 1384 1197 διέπλεον,
1412 1140 1607 1182 πᾶσαν
1639 1126 1698 1182 δὲ
1731 1129 1899 1198 ἀκτὴν

214 1218 540 1286 παρέπλεον,
588 1218 887 1285 ἀπέβαινον
926 1215 986 1270 δὲ
1027 1220 1103 1280 εἰς
1152 1221 1380 1286 νήσους,
1428 1219 1796 1287 διηρευνῶντο
1837 1215 1898 1270 δὲ

214 1308 506 1374 παραλίαν,
546 1305 842 1375 ἀνέβαινον
881 1307 942 1359 δὲ
980 1307 1068 1359 καὶ
1107 1306 1246 1374 πρὸς
1283 1307 1511 1374 ἤπειρον
1548 1305 1719 1373 μέσην
1758 1308 1895 1373 γνώ-

213 1414 323 1462 μην
360 1391 580 1463 ἔχοντες
616 1396 889 1463 πρότερον
929 1394 1238 1447 ἀποθανεῖν
1270 1394 1303 1463 ἢ
1333 1398 1632 1446 καταλῦσαι
1672 1395 1772 1462 τὴν
1811 1397 1894 1462 ζή-

212 1497 383 1550 τησιν.
467 1483 554 1535 47.
609 1484 681 1545 ὡς
736 1480 796 1535 δὲ
851 1482 1162 1551 προσέσχον
1206 1481 1295 1534 καὶ
1343 1483 1470 1551 τῇδε
1516 1490 1580 1551 τῇ
1636 1490 1728 1551 γῇ,
1782 1491 1892 1534 τῶν
1916 1504 1957 1536 1⁵

214 1582 355 1624 νεῶν
395 1570 676 1639 ἐκβάντες,
714 1570 814 1634 νὺξ
857 1568 916 1623 δὲ
955 1568 1041 1639 ἠν,
1082 1568 1321 1639 ἀνῄεσαν
1359 1569 1446 1623 ἐπὶ
1485 1571 1545 1622 τὸ
1585 1571 1711 1639 ὄρος
1747 1572 1892 1637 παρὰ

210 1663 342 1722 τοὺς
373 1659 728 1722 ἐνοικοῦντας
760 1659 984 1728 ὀλίγους
1016 1661 1084 1727 δή
1115 1679 1267 1721 τινας
1297 1660 1387 1712 καὶ
1417 1660 1739 1724 προσιόντες
1777 1667 1893 1720 ταῖς

211 1750 411 1811 οἰκίαις
446 1750 766 1820 θυροκοπία
804 1767 862 1801 τε
912 1747 1150 1816 ἐχρῶντο
1189 1746 1280 1800 καὶ
1330 1746 1587 1815 ἐρωτήσει
1635 1746 1760 1815 περὶ
1798 1755 1892 1815 τῆς

206 1835 362 1899 Ἰοῦς.
437 1838 695 1906 τυχόντες
744 1833 803 1889 δὲ
854 1835 1049 1900 ξενίων
1082 1839 1090 1900 Ι
1123 1837 1218 1888 καί
1263 1855 1387 1888 τινα
1434 1836 1618 1887 πόθον
1663 1836 1801 1901 πρὸς
1831 1846 1977 1892 R288

210 1927 311 1994 τὴν
357 1933 461 1994 γῆν
509 1926 770 1992 λαβόντες
814 1932 977 1977 τοῦτο
1023 1924 1190 1994 πέρας
1236 1922 1562 1991 ἐποιήσαντο
1608 1929 1708 1975 τοῦ
1746 1926 1889 1975 πλοῦ
1913 1945 1956 1977 20
2009 1912 2015 1913 ἶ

211 2017 639 2084 μεταστήσαντες
676 2015 777 2082 τὴν
815 2022 908 2082 τῆς
948 2015 1210 2081 ζητήσεως
1248 2011 1499 2079 σπουδὴν
1536 2008 1624 2063 ἐπὶ
1664 2011 1764 2078 τὴν
1794 2030 1889 2078 μο-

210 2107 330 2172 νήν,
371 2101 456 2170 ἐφ’
488 2102 517 2155 ὃ
557 2099 658 2170 μὲν
697 2103 1007 2170 ἠπείγοντο,
1047 2108 1209 2153 τοῦτο
1242 2098 1488 2168 ἀφέντες,
1521 2098 1591 2167 ἣν
1623 2094 1682 2150 δὲ
1722 2097 1888 2151 ἐθαύ-

209 2207 388 2259 μασαν
427 2200 531 2260 γῆν
570 2189 921 2260 ἐντιμοτέραν
965 2188 1194 2255 θέμενοι
1230 2195 1330 2240 τοῦ
1376 2194 1609 2254 σκοποῦ,
1648 2184 1775 2239 καθ’
1807 2185 1888 2239 ’ὃν

330 2329 352 2366 1
369 2322 426 2365 cf.
443 2321 464 2364 I
480 2325 644 2375 479‚21
657 2321 698 2364 R
759 2325 785 2364 9
799 2318 1064 2364 Strab.XV1
1082 2324 1107 2363 5
1123 2333 1168 2375 p.
1182 2322 1266 2362 750
1330 2322 1381 2360 17
1397 2316 1620 2361 efiMalal.
1635 2331 1679 2372 p.
1692 2320 1828 2369 29‚10

211 2387 265 2425 18
298 2381 496 2425 Antiatt.
531 2379 731 2437 (Bekker
760 2379 951 2435 Anecd.)
991 2394 1034 2434 p.
1069 2382 1139 2432 99,
1167 2382 1218 2421 17
1252 2376 1425 2433 Diphil.
1458 2390 1572 2420 com.
1605 2375 1659 2419 fr.
1692 2375 1755 2418 IV
1786 2379 1886 2428 429,

209 2445 266 2484 46
299 2440 359 2483 Μ.
391 2439 432 2483 ΙΙ
457 2445 483 2483 2
526 2455 572 2496 p.
606 2443 705 2493 578,
735 2443 818 2483 128
842 2438 896 2481 Κ.

330 2564 351 2600 1
385 2556 487 2608 υἱὸς
516 2556 619 2615 μὲν]
652 2557 735 2614 μὲν
765 2555 868 2606 υἱὸς
890 2556 1024 2599 ΒΜο
1145 2559 1170 2597 2
1195 2571 1212 2598 ι
1240 2552 1368 2610 prius
1399 2552 1448 2596 in
1479 2551 1547 2596 lot
1574 2551 1623 2595 in
1654 2564 1729 2595 ras
1753 2550 1826 2595 P'

207 2623 234 2661 4
252 2617 397 2668 οὕτως
411 2615 686 2662 ΑΟΡΜΜΟ
792 2620 818 2659 6
835 2632 870 2658 ω
887 2614 936 2658 in
959 2618 1104 2671 ζητῶν
1128 2613 1176 2657 in
1201 2626 1275 2657 ras
1292 2610 1363 2655 1²¹
1388 2612 1395 2669 Ι
1422 2610 1566 2655 αὑτοῦ
1586 2611 1624 2656 C
1643 2610 1723 2654 sed
1740 2626 1883 2655 αυτου

207 2677 256 2720 in
280 2690 355 2720 ras
378 2675 462 2730 ιη’,
486 2676 534 2719 et
557 2688 613 2719 ex
628 2676 772 2719 αὐτοῦ
789 2688 891 2718 corr
906 2672 1012 2718 P⁸1
1066 2673 1210 2717 αὐτοῦ
1226 2671 1340 2716 Aea
1436 2674 1460 2713 ‘1
1479 2668 1709 2727 ἐμβιβάζει
1724 2668 1826 2712 Mor

209 2741 234 2779 9
259 2742 340 2779 τοῦ
365 2734 541 2784 παντὸς
563 2732 725 2779 στόλου
749 2733 855 2777 coni
877 2732 945 2776 Re
1081 2735 1136 2776 10
1160 2730 1204 2775 οἱ
1227 2729 1278 2776 δὲ
1304 2754 1358 2762 -
1386 2733 1439 2772 13
1464 2726 1606 2784 μέσην
1629 2727 1746 2772 citat
1767 2726 1882 2771 Plan

206 2794 286 2839 fol.
323 2797 405 2837 103
528 2798 582 2837 15
613 2799 695 2849 τῆς
724 2792 838 2842 νεὼς
870 2793 955 2836 Mo
1083 2794 1136 2835 16
1169 2787 1361 2833 ἀνίεσαν
1394 2787 1460 2832 Ga
1578 2791 1631 2830 21
1665 2785 1881 2844 μεταπή-

208 2868 366 2904 σοντες
388 2852 456 2895 Re
577 2856 632 2895 23
656 2858 738 2896 τοῦ
763 2857 937 2895 σκοποῦ
967 2848 1158 2906 θέμενοι
1183 2847 1268 2892 Mo
1294 2849 1300 2903 Ι
1326 2847 1436 2903 post
1453 2843 1645 2903 θέμενοι
1667 2844 1882 2889 ultimam

207 2911 311 2956 folii
343 2916 418 2955 99¹·
447 2923 607 2956 vocem
635 2923 798 2955 rasura
827 2909 971 2953 trium
998 2907 1262 2953 libterarum
1291 2905 1340 2949 in
1373 2906 1412 2950 0

1529 2977 1617 3021 29‘
