2090 3162
222 130 329 181 432
774 127 998 170 LIBANII
1030 125 1251 170 ORATIO
1284 125 1345 168 XI

220 271 330 330 post
362 268 543 315 Iuliani
575 269 627 313 in
654 267 817 314 Solem
846 268 1119 314 orationem
1151 268 1200 312 et
1230 264 1617 328 Misopogonem,
1644 265 1902 312 Themistii

224 343 513 389 Basanisten
564 340 676 387 inde
729 356 758 387 a
808 341 927 388 folio
969 341 1037 386 42
1090 354 1245 400 usque
1299 338 1362 385 ad
1403 339 1498 386 53v
1539 333 1902 402 Ἀντιοχικόν

222 417 368 462 titulo
421 416 468 461 et
518 415 660 461 initio
708 416 903 475 privum
953 413 1066 460 inde
1108 429 1137 460 a
1175 411 1336 460 verbis
1387 411 1440 459 οἷ
1486 408 1574 474 μὲν
1620 411 1797 460 ἅπαντι
1844 416 1907 479 τῷ

220 488 381 555 κύκλῳ
416 481 670 553 (447,10)
698 503 852 548 usque
879 487 939 534 ad
963 487 1109 533 finem
1139 486 1352 547 exceptis
1376 502 1422 546 p.
1442 486 1564 545 456,
1587 487 1854 546 18—-474,
1872 488 1899 532 7

221 579 344 623 quae
396 577 491 608 uno
545 561 664 609 folio
704 560 832 608 inter
871 562 939 608 43
995 554 1116 626 (des.
1158 552 1375 625 κρείττω)
1428 561 1478 606 et
1518 561 1586 606 44
1629 554 1743 625 (inc.
1783 557 1902 607 ἀνα-

219 628 464 700 σχόμενοι)
506 635 684 682 amisso
718 634 1109 682 continebantur.
1175 632 1457 695 Sequuntur
1490 631 1682 694 Synesii
1713 634 1903 681 calvitii

219 709 325 756 laus
367 712 415 756 et
445 708 680 755 Aristidis
713 707 999 755 Platonicus
1034 707 1111 754 III
1150 709 1200 755 et
1237 704 1573 771 πανηγυρικὸς
1612 705 1664 754 ἐν
1703 707 1901 775 Κυζίκῳ

216 780 324 847 περὶ
363 788 450 830 τοῦ
489 788 626 829 ναοῦ.

330 855 555 903 Codicem
595 871 721 902 anno
767 856 908 903 1880
953 855 1244 902 examinavi.

330 1003 396 1049 Hi
435 1018 549 1050 vero
601 1003 786 1050 codices
830 998 1108 1065 ‘eclogarii’
1148 1002 1320 1064 quovis
1371 1002 1471 1048 fere
1522 1002 1685 1063 pretio
1733 1001 1902 1050 critico

220 1079 400 1124 carent.
478 1076 582 1123 Aut
627 1076 758 1123 enim
806 1092 829 1123 e
870 1076 1119 1124 codicibus
1167 1091 1289 1138 quos
1339 1075 1499 1123 adhuc
1545 1075 1781 1123 habemus
1821 1075 1900 1123 de·

222 1151 394 1211 scripti
434 1152 568 1210 sunt,
610 1153 666 1197 ut
697 1150 1053 1198 Escurialensis
1092 1149 1405 1198 Σ-ΙΙΙ-16
1435 1142 1553 1215 (34)
1595 1165 1620 1196 e
1650 1149 1901 1197 Marciano

219 1224 423 1285 append.
466 1222 577 1271 XCI
618 1225 646 1270 2
684 1216 790 1289 (7),
851 1226 939 1270 aut
993 1223 1055 1271 ad
1110 1224 1359 1283 exemplar
1418 1223 1627 1271 redeunt
1680 1223 1897 1271 eiusdem

219 1298 415 1358 quidem
453 1297 689 1358 familiae,
729 1298 865 1345 cuius
905 1299 1020 1345 sunt
1056 1297 1336 1346 Marcianus
1375 1313 1446 1359 gr.
1481 1298 1583 1345 437
1628 1290 1741 1363 (M),
1780 1297 1900 1344 Bar-

217 1371 412 1419 berinus
453 1363 564 1437 (B),
611 1371 917 1420 Monacensis
959 1364 1112 1437 (Mo),
1160 1371 1245 1420 sed
1290 1371 1447 1419 multo
1486 1371 1563 1418 his
1608 1370 1730 1432 ipsis
1769 1387 1901 1419 men-

219 1445 397 1493 dosius.
459 1444 623 1506 Atque
662 1445 755 1493 hoc
795 1445 991 1506 quidem
1030 1445 1182 1492 etiam
1219 1447 1272 1492 in
1312 1445 1500 1492 codices
1539 1443 1656 1492 Urb.
1697 1462 1767 1509 gr.
1797 1446 1898 1492 125

221 1511 363 1583 (17),
415 1517 581 1566 Ottob.
621 1535 691 1582 gr.
727 1519 793 1566 69
829 1511 971 1584 (18),
1018 1518 1132 1566 Vat.
1172 1536 1243 1582 gr.
1277 1519 1343 1566 82
1380 1511 1522 1585 (19),
1575 1518 1721 1566 Laur.
1762 1518 1903 1566 LVII

221 1594 289 1640 20
316 1586 456 1658 (20),
495 1591 640 1639 Laur.
673 1592 862 1639 XXXII
889 1593 954 1640 13
982 1585 1124 1658 (21),
1155 1592 1316 1640 Vatic.
1348 1609 1419 1656 gr.
1448 1593 1549 1640 941
1588 1585 1706 1658 (22)
1753 1592 1898 1640 cadit.

220 1664 346 1721 Quin
379 1666 529 1712 etiam
552 1665 744 1713 Athous
774 1665 966 1714 Laurae
997 1665 1050 1712 Ω.
1077 1666 1180 1714 123
1216 1658 1334 1732 (12)
1368 1665 1454 1727 qui
1486 1665 1548 1712 ad
1579 1665 1712 1713 idem
1744 1682 1899 1714 exem-

219 1739 330 1800 plar
369 1741 517 1800 atque
556 1738 917 1787 Laurentianus
956 1739 1096 1786 LVII
1129 1741 1198 1788 20
1237 1739 1366 1787 redit
1404 1741 1454 1787 et
1495 1755 1553 1787 ex
1593 1739 1764 1787 eodem
1803 1755 1899 1801 quo

220 1810 386 1860 Ottob.
425 1829 495 1875 gr.
538 1814 604 1861 69
655 1815 704 1861 et
741 1813 1046 1861 Monacensis
1097 1814 1232 1861 fonte
1282 1813 1444 1873 fiuxit,
1495 1815 1656 1860 aetate
1701 1813 1900 1874 quidem

218 1886 306 1934 hos
354 1889 574 1948 superat,
631 1886 726 1934 fide
771 1887 912 1935 cedit.
996 1887 1127 1934 Nam
1179 1888 1382 1948 propter
1427 1887 1758 1934 temeritatem
1803 1903 1900 1936 11011

219 1960 379 2008 minus
418 1975 566 2021 quam
612 1960 855 2008 incuriam
899 1960 1090 2008 librarii
1137 1961 1257 2008 adeo
1296 1961 1432 2009 vitiis
1479 1963 1658 2022 scatet,
1702 1963 1760 2009 ut
1804 1961 1901 2008 nisi

220 2035 514 2095 apparatum
563 2034 789 2082 criticum
837 2035 983 2096 plane
1034 2034 1203 2082 inutili
1251 2037 1442 2083 ratione
1493 2050 1697 2082 onerare
1749 2050 1900 2096 quam

219 2107 459 2155 instruere
497 2108 676 2169 mavis,
715 2108 948 2156 lectiones
988 2109 1091 2156 eius
1131 2108 1326 2156 exulare
1364 2107 1605 2156 iubendae
1646 2107 1757 2156 sint.

329 2181 431 2228 Nec
469 2182 580 2242 plus
618 2181 743 2229 lucri
782 2198 806 2229 e
846 2181 1091 2230 codicibus
1123 2181 1458 2230 Laurentiano
1489 2181 1629 2228 LVII
1662 2183 1727 2228 27
1763 2175 1899 2248 (13),

219 2253 415 2301 Patmio
449 2248 584 2320 (14),
616 2254 859 2303 Vaticano
891 2272 961 2318 gr.
998 2256 1100 2304 939
1136 2248 1254 2322 (15)
1287 2255 1339 2302 111
1373 2255 1466 2303 hac
1497 2255 1717 2303 oratione
1751 2271 1899 2317 quam

219 2326 271 2373 in
309 2327 430 2375 Vita
479 2329 589 2390 capi
637 2343 780 2390 posse
828 2343 1015 2376 memor
1053 2344 1221 2377 eorum
1259 2344 1387 2391 quae
1427 2328 1486 2376 de
1531 2328 1621 2376 illa
1658 2345 1704 2390 p.
1741 2330 1809 2377 70
1827 2345 1896 2390 sq.

221 2400 530 2461 exposuimus
570 2401 714 2451 facile
753 2402 1021 2465 intelleges.

330 2473 601 2522 Vaticanus
638 2478 804 2523 autem
841 2491 912 2538 gr.
939 2476 1023 2535 84,
1062 2476 1244 2538 quippe
1283 2476 1369 2537 qui
1407 2475 1450 2522 si
1487 2475 1649 2523 minus
1689 2492 1715 2523 e
1753 2475 1897 2524 Pala·

220 2548 325 2594 tino
364 2563 436 2610 gr.
470 2548 572 2595 282
612 2550 737 2610 ipsc,
775 2550 905 2597 certe
943 2564 1001 2597 ex
1033 2549 1135 2598 eius
1174 2549 1309 2597 sonte
1346 2548 1638 2610 manaverit,
1675 2549 1897 2612 relegan-

222 2620 311 2668 dus
352 2622 438 2668 est.

331 2693 552 2755 Denique
584 2710 644 2742 ne
674 2693 907 2742 Vaticani
937 2694 1135 2756 quidem
1165 2711 1238 2759 gr.
1272 2695 1337 2742 81
1375 2687 1457 2761 (4)
1497 2697 1548 2743 et
1577 2695 1896 2758 Neapolitani

222 2765 273 2812 II
304 2766 344 2812 Ε
381 2768 445 2814 17
481 2760 587 2832 (5),
641 2783 846 2829 quorum
901 2770 1129 2830 uterque,
1184 2769 1278 2816 etsi
1329 2768 1467 2830 prior
1519 2769 1668 2831 paulo
1720 2769 1894 2816 melius

224 2854 372 2900 quam
426 2839 565 2899 alter,
619 2856 676 2888 ex
730 2840 899 2889 eodem
953 2841 1115 2890 codice
1161 2841 1368 2906 gemello
1407 2841 1625 2890 Palatini
1677 2858 1748 2905 gr.
1789 2841 1892 2889 282

221 2911 383 2974 fluxit,
434 2913 725 2963 lectionibus
775 2915 1046 2976 suppressis
1097 2915 1364 2978 quicquam
1412 2917 1571 2977 pretio
1626 2916 1895 2978 apparatus
