2090 3162
238 140 347 191 464
792 138 1019 182 LIBANH
1050 137 1273 181 ORATIO
1307 138 1369 181 XI

239 273 300 328 δὲ
362 275 508 346 αὐτῷ
564 282 658 342 τῆς
720 273 1016 342 ἐπιβουλῆς
1071 274 1395 342 ὀφείλεσθαι
1448 275 1780 342 στρατεύσας
1834 274 1916 327 ἐπ’

231 363 554 430 Ἀντίγονον
586 362 647 415 ἐν
678 365 897 433 Φρυγίᾳ
929 364 1228 430 συμβαλὼν
1260 361 1351 415 καὶ
1384 365 1610 431 νικήσας
1643 362 1923 416 ἀπέκτεινε

239 461 330 520 τῆς
387 451 465 503 ἐπ’
521 452 690 504 αὐτὸν
746 451 971 521 ἐνέδρας
1025 451 1257 520 ἐμφανεῖ
1310 452 1449 521 μάχη
1504 453 1604 520 τὴν
1657 455 1923 520 τιμωρίαν

241 540 582 607 πραξάμενος
612 539 703 593 καὶ
735 542 835 608 τὴν
859 538 959 607 μὲν
985 541 1294 610 διαφυγών,
1328 541 1400 602 ὡς
1432 542 1500 592 ἄν
1523 561 1605 603 τις
1635 544 1922 609 θεοφιλής,

195 650 213 681 5
238 630 338 695 τὴν
379 626 439 680 δὲ
480 628 710 697 ἐπιθείς,
752 630 824 691 ὡς
865 630 935 681 ἄν
975 649 1056 691 τις
1089 629 1287 697 ἀρετὴν
1318 630 1580 697 ἠσκηκώς.
1643 630 1726 681 84.
1758 628 1924 681 Ἀντι-

239 720 407 784 γόνου
461 714 520 770 δὲ
573 719 676 786 ἤδη
729 717 983 784 κειμένου
1032 720 1240 785 γίνεται
1279 718 1345 769 τὰ
1382 725 1481 770 τοῦ
1520 720 1785 780 πεσόντος
1823 725 1922 770 τοῦ

237 808 601 874 νενικηκότος,
642 807 731 858 καὶ
773 805 993 875 ὡρίζετο
1033 806 1066 874 ἡ
1100 808 1395 859 δυναστεία
1428 807 1707 859 Σελεύκου
1741 809 1922 874 Βαβυ-

238 896 376 947 λῶνί
423 914 480 946 τε
530 893 621 947 καὶ
673 903 789 956 τοῖς
839 894 953 947 κατ’
1002 900 1291 962 Αἴγυπτον
1343 895 1506 962 ὅροις.
1582 893 1674 947 καὶ
1725 897 1924 963 χρόνος

238 984 343 1052 ἄρα
376 982 682 1051 ἐφειστήκει
715 1003 914 1035 τικτων
940 984 1119 1052 ὥσπερ
1151 984 1316 1035 πάλαι
1352 992 1415 1053 τῇ
1440 986 1596 1036 πόλει
1620 985 1716 1046 τὰς
1740 983 1922 1053 ἀρχάς,

172 1093 213 1124 10
239 1071 380 1124 οὕτω
420 1074 541 1124 τότε
582 1073 640 1124 τὸ
689 1070 938 1139 μέγεθος.
1018 1070 1102 1124 85.
1151 1071 1239 1124 καὶ
1281 1074 1526 1140 γίγνεται
1564 1073 1624 1124 τὸ
1663 1080 1774 1124 πᾶν
1812 1071 1920 1124 ὑπὸ

236 1165 390 1212 θεοῦ.
467 1162 624 1222 πόλις
669 1156 739 1228 ἦν
768 1158 1084 1228 Ἀντιγόνου
1131 1157 1233 1227 μὲν
1271 1159 1580 1227 ἐπώνυμος,
1626 1159 1717 1213 ὑπ’
1755 1159 1922 1212 Ἀντι-

237 1250 406 1314 γόνου
458 1249 518 1301 δὲ
568 1248 920 1317 πεποιημένη.
999 1258 1092 1317 τῆς
1145 1249 1205 1302 δὲ
1244 1257 1351 1302 νῦν
1398 1250 1565 1317 οὔσης
1615 1251 1822 1310 πόλεως
1860 1251 1920 1302 τὸ

235 1337 435 1403 μεταξὺ
475 1338 612 1406 πρὸς
659 1336 876 1405 ἐκείνην
916 1338 1130 1390 στάδιοι
1169 1338 1577 1404 τετταράκοντα.
1654 1336 1715 1390 ἐν
1753 1338 1921 1407 ταύτῃ

235 1426 367 1491 μετὰ
427 1427 527 1494 τὴν
581 1428 742 1494 νίκην
797 1425 824 1479 ὁ
882 1425 1158 1488 Σέλευκος
1219 1425 1378 1494 ἔθυε,
1432 1434 1531 1479 τοῦ
1586 1427 1794 1496 ταύρου
1860 1423 1919 1479 δὲ

171 1535 211 1567 15
237 1513 585 1583 ἐσφαγμένου
625 1513 716 1566 καὶ
757 1513 1102 1581 δεδεγμένων
1133 1524 1245 1567 τῶν
1285 1517 1486 1582 βωμῶν
1525 1515 1698 1568 ὁπόσα
1736 1517 1921 1584 νόμος,

235 1603 339 1670 ἤδη
393 1600 495 1669 μὲν
546 1603 607 1655 τὸ
665 1610 776 1673 πῦρ
831 1612 1075 1672 περιεῖπε
1129 1604 1194 1655 τὰ
1249 1605 1471 1669 κείμενα
1523 1602 1614 1656 καὶ
1669 1605 1922 1673 σφοδρὸν

149 1705 187 1747 R
211 1708 295 1746 300
329 1691 600 1744 ἀνεκάετο.
679 1691 763 1743 86.
807 1692 812 1759 Ι
861 1693 999 1754 Ζεὺς
1039 1691 1099 1744 δὲ
1138 1694 1366 1760 κινήσας
1405 1691 1463 1745 ἐκ
1501 1699 1599 1744 τοῦ
1641 1694 1919 1760 σκήπτρου

236 1780 332 1832 τὸν
372 1778 589 1849 ἑταῖρον
642 1779 838 1832 ἑαυτοῦ
889 1781 981 1832 καὶ
1031 1783 1200 1848 φίλον
1251 1781 1410 1849 ὄρνιν
1455 1779 1542 1832 ἐπὶ
1588 1781 1687 1832 τὸν
1733 1781 1921 1848 βωμὸν

237 1871 490 1937 ἐπεμψεν.
569 1869 597 1921 ὁ
650 1869 711 1921 δὲ
762 1869 837 1931 εἰς
887 1868 1059 1937 μέσην
1105 1870 1557 1938 καταποτώμενος
1602 1870 1703 1937 τὴν
1741 1871 1923 1937 φλόγα

358 2050 408 2087 11
435 2043 570 2087 Diod.
591 2043 677 2087 Sic.
696 2043 779 2086 XX
795 2048 849 2087 47
912 2043 1069 2088 Malal.
1095 2059 1139 2100 p.
1168 2048 1250 2087 199
1375 2048 1428 2087 18
1452 2043 1557 2087 Ι1.ω
1583 2047 1681 2086 292.
1709 2047 1807 2087 310.
1834 2049 1919 2087 315

356 2211 382 2249 4
422 2222 456 2250 π
494 2207 543 2249 in
589 2205 883 2262 πραξάμενος
928 2206 976 2249 in
1015 2219 1091 2250 ras
1135 2205 1197 2251 0²
1349 2211 1374 2249 6
1413 2203 1619 2263 γίγνεται
1657 2206 1832 2250 BMCa

241 2269 266 2308 9
299 2280 410 2308 num
449 2264 732 2320 ἐνειστήκειῗ
775 2266 780 2320 Ι
824 2265 885 2315 ὡς
916 2266 1091 2310 BMCa
1243 2269 1296 2307 10
1329 2263 1506 2322 γίνεται
1537 2265 1630 2308 ΑΡ
1668 2266 1674 2322 Ι
1716 2264 1806 2308 ὑπὸ
1838 2271 1919 2308 τοῦ

236 2327 355 2368 θεοῦ
386 2325 496 2369 ΡΟα
520 2325 588 2368 Re
740 2329 793 2367 12
834 2323 966 2383 (μὴ)
1006 2322 1330 2381 πεποιημένηὶ)
1381 2324 1387 2381 Ι
1436 2330 1516 2380 τῆς
1557 2322 1608 2367 δὲ
1639 2350 1698 2355 -
1731 2327 1785 2366 13
1824 2339 1919 2367 τετ-

236 2411 498 2468 ταράκοντα
538 2414 647 2457 anoe
687 2413 736 2458 ἐν
775 2412 920 2471 ταύτῃ
952 2438 1010 2446 —
1041 2411 1154 2457 ἔθυε
1195 2411 1417 2486 collocatvi
1561 2417 1614 2455 13
1657 2399 1838 2457 στάδιοοῖ
1863 2413 1923 2456 Μ

1292 2487 1409 2527 προς

297 2529 464 2574 στάδια
498 2531 562 2575 Ca
611 2534 616 2587 Ι
666 2529 1008 2584 τεσσαράκοντα
1040 2532 1071 2573 Ι
1205 2535 1258 2574 14
1290 2529 1402 2586 μετὰ
1433 2530 1479 2572 Β
1529 2533 1533 2583 Ι
1585 2530 1726 2574 ἔθυσε
1767 2531 1840 2575 UI
1873 2531 1920 2573 et

238 2602 378 2646 supra
403 2589 515 2633 ἔθυε
541 2589 647 2634 Mo²
762 2594 815 2632 15
841 2587 1115 2645 δεδεγμένον
1139 2595 1220 2632 τοῦ
1253 2590 1407 2647 βωμοῦ
1443 2589 1515 2633 UI
1622 2592 1675 2631 16
1700 2593 1919 2644 περιῆπτε

237 2648 339 2692 Mor
413 2662 524 2691 num
554 2654 790 2706 περιεῖχεῖ
923 2652 975 2690 17
1009 2645 1250 2692 ἀνεκαίετο
1283 2647 1384 2691 Mor
1433 2648 1439 2704 Ι
1489 2647 1540 2691 ἐκ
1570 2654 1652 2691 τοῦ
1685 2646 1918 2722 σκήπτρου

238 2720 294 2750 ex
332 2707 381 2751 ἐκ
413 2713 615 2763 σκηπτοῦ
647 2721 748 2752 con·
778 2705 836 2751 1²
911 2719 986 2750 om
1019 2707 1064 2750 B
1140 2713 1343 2774 σκηπτοῦ
1378 2706 1443 2750 Ca
1482 2706 1563 2749 sed
1595 2723 1649 2763 γρ
1683 2705 1917 2761 σκήπτρου

236 2766 287 2808 in
317 2779 451 2823 marg
580 2770 633 2810 18
664 2765 746 2810 τὸν
778 2765 962 2820 ἑταῖρον
994 2765 1043 2808 in
1070 2778 1208 2840 marg
1238 2765 1362 2809 inser
1392 2767 1427 2808 I
1468 2765 1493 2840 Ι,
1525 2764 1692 2809 ἑαυτοῦ
1724 2777 1780 2809 ex
1810 2762 1917 2808 ἑαυ-

237 2825 318 2869 τὸν
349 2838 451 2868 corr
473 2823 537 2868 P4
609 2824 760 2898 ἑαυτῷ
785 2825 831 2868 Β
861 2825 909 2867 et
939 2837 995 2866 ex
1026 2825 1156 2883 αὐτῷ
1183 2838 1284 2868 corr
1306 2822 1363 2867 1²
1438 2824 1582 2868 αὐτοῦ
1618 2825 1663 2870 U
1714 2824 1839 2882 αὐτῷ
1860 2824 1923 2867 Μ

299 2887 353 2926 19
392 2870 760 2938 καταπετόμενος
800 2885 846 2929 U
875 2883 922 2926 et
960 2882 1027 2925 Re
1050 2869 1192 2927 An'im
1273 2881 1624 2939 καταπτάμενος
1654 2868 1830 2927 BMGa

237 2940 583 2997 καταπτόμενος
614 2941 760 2986 Cobet
789 2940 918 2985 Misc.
945 2945 1027 2984 147
