2090 3162
0 1709 15 1839 ,ἒ

0 1929 11 1963 ι

725 114 958 157 LIBANII
990 113 1215 159 ORATIO
1249 116 1310 159 XI
1744 119 1849 170 461

168 258 430 317 ποταμῶν
454 249 774 301 κάλλιστον’
797 249 1145 318 Ἀλέξανδρος
1178 248 1236 303 δὲ
1261 252 1362 319 τὴν
1385 251 1649 320 ἡμετέραν
1673 255 1852 321 πηγὴν

173 338 244 390 οὐ
290 339 428 406 πρὸς
473 336 694 389 ὑδάτων
741 339 975 407 ἅμιλλαν
1022 338 1271 407 ἐξήγαγε,
1318 346 1392 412 τῷ
1438 338 1495 392 δὲ
1535 348 1630 408 τῆς
1662 339 1851 409 Ὀλυμ-

171 426 370 488 πιάδος
400 425 621 488 ἐξίσωσε
645 427 885 493 γάλακτι.
940 428 1215 496 τοσαύτην
1239 424 1399 495 εὗρεν
1423 427 1484 480 ἐν
1507 437 1622 491 τοῖς
1651 429 1850 498 νάμασι

174 517 275 583 τὴν
306 515 530 583 ἡδονήν.
589 515 671 566 74.
703 523 1000 584 τοιγαροῦν
1031 515 1236 584 ἤσκησέ
1263 535 1320 568 τε
1353 516 1525 579 εὐθὺς
1556 518 1652 569 τὸν
1682 520 1853 570 τόπον

170 605 343 672 κρήνῃ
376 622 433 655 τε
467 601 557 655 καὶ
591 612 710 666 τοῖς
742 605 946 670 ἄλλοις,
978 597 1061 666 οἷς
1083 604 1284 672 <ἐνῆν>
1309 603 1369 656 ἐν
1392 606 1636 677 τοσούτῳ
1668 607 1852 678 δρόμῳ
1901 628 1919 660 5

170 699 244 764 τῷ
282 693 375 744 διὰ
405 702 519 744 τῶν
548 693 900 761 πραγμάτων,
940 692 1006 746 ὃν
1045 692 1252 756 ἐκεῖνος
1290 693 1555 756 ὀξύτατον
1589 697 1725 760 ἔθει,
1763 695 1852 746 καὶ

169 783 335 833 πόλιν
382 782 634 848 ὥρμησεν
686 782 927 847 οἰκίζειν,
980 782 1053 843 ὡς
1102 780 1171 834 ἂν
1210 780 1454 850 ἐντυχὼν
1491 784 1637 853 τόπῳ
1687 783 1852 834 δυνα-

169 868 316 941 μένῳ
362 877 604 938 χωρῆσαι
651 871 751 938 τὴν
790 870 960 922 αὑτοῦ
1006 869 1489 938 μεγαλοπρέπειαν.
1566 871 1648 923 75.
1697 872 1858 942 διττῷ

171 954 233 1010 δὲ
288 959 449 1028 πόθῳ
497 957 944 1027 κατειλημμένος,
998 964 1072 1030 τῷ
1117 955 1219 1026 μὲν
1262 959 1399 1027 πρὸς
1443 959 1544 1027 τὴν
1588 958 1852 1028 ἡμετέραν

172 1047 372 1115 χώραν,
427 1052 500 1117 τῷ
542 1043 601 1099 δὲ
649 1047 786 1114 πρὸς
830 1048 931 1115 τὴν
976 1056 1088 1100 τῶν
1132 1046 1452 1100 ὑπολοίπων
1498 1055 1707 1115 κτῆσιν,
1761 1046 1849 1100 καὶ
1876 1070 1918 1101 ιο

171 1142 272 1187 τοῦ
322 1131 423 1201 μὲν
474 1133 874 1202 ἀναγκάζοντος
909 1139 914 1199 Ι
949 1134 1151 1203 μένειν,
1197 1143 1297 1187 τοῦ
1344 1131 1405 1187 δὲ
1450 1133 1764 1202 ἐπείγοντος
1792 1148 1936 1191 R297

170 1221 385 1292 τρέχειν
425 1221 563 1291 [καὶ]
603 1223 704 1291 τὴν
743 1224 926 1292 ψυχὴν
965 1222 1369 1290 ἀνθελκόμενος
1408 1224 1485 1285 εἰς
1516 1224 1766 1292 οἰκισμόν
1795 1243 1852 1276 τε

171 1312 263 1364 καὶ
310 1313 554 1378 πόλεμον
601 1311 702 1364 οὐκ
749 1310 1042 1380 ἐποιήσατο
1090 1313 1314 1380 κώλυμα
1358 1311 1575 1383 θατέρῳ
1613 1312 1853 1379 θάτερον

174 1397 306 1453 οὐδὲ
344 1399 601 1468 ἠνέσχετο
642 1401 768 1452 οὔτε
800 1402 900 1469 τὴν
932 1401 1067 1468 ὅλην
1098 1401 1347 1468 σπουδὴν
1377 1400 1593 1452 ἀνελεῖν
1624 1401 1715 1452 διὰ
1752 1402 1853 1467 τὴν

172 1491 335 1541 πόλιν
375 1489 501 1541 οὔτε
549 1488 765 1556 ἐκείνην
810 1492 1036 1557 πληρῶν
1074 1488 1143 1555 ἣν
1181 1490 1259 1551 εἰς
1303 1490 1364 1540 τὸ
1410 1490 1650 1551 πολίζειν
1695 1491 1852 1556 ἔσχεν
1875 1510 1916 1542 15

173 1576 477 1644 ἐπιθυμίαν
527 1576 743 1644 σβέσαι,
794 1575 908 1628 ἀλλ’
962 1575 1288 1645 ἀμφοτέρων
1337 1575 1591 1645 ἐχόμενος
1639 1583 1702 1645 τῇ
1751 1577 1852 1644 μὲν

172 1664 365 1718 ἐδίδου
388 1666 484 1728 τὰς
515 1664 696 1734 ἀρχάς,
727 1663 817 1718 ἐπὶ
849 1662 910 1718 δὲ
933 1666 1033 1733 τὴν
1061 1667 1330 1733 Φοινίκην
1353 1660 1450 1732 ἦγε
1474 1666 1575 1733 τὴν
1599 1664 1849 1731 δύναμιν.

177 1754 258 1806 76.
300 1755 357 1806 αἱ
398 1750 459 1806 δὲ
498 1751 660 1822 ἀρχαὶ
691 1761 790 1807 τοῦ
821 1760 1178 1822 κατοικισμοῦ
1215 1755 1354 1815 Ζεὺς
1383 1755 1668 1814 Βοττιαῑος
1700 1753 1851 1819 ἱδρυ-

173 1840 298 1904 θεὶς
335 1841 443 1894 ὑπὸ
471 1839 829 1911 Ἀλεξάνδρου
861 1840 1023 1909 <καὶ>
1053 1842 1086 1909 ἡ
1117 1841 1256 1909 ἄκρα
1286 1848 1380 1908 τῆς
1410 1839 1624 1893 ἐκείνου
1663 1842 1851 1907 πατρί-

175 1931 272 1992 δος
323 1931 570 1996 λαβοῦσα
620 1930 864 1996 τοῦνομα
912 1927 1004 1982 καὶ
1048 1927 1293 1995 Ἠμαθία
1341 1932 1622 1996 κληθεῖσα.
1696 1926 1848 1980 τουτὶ
1873 1950 1916 1982 so

178 2018 264 2085 δέ,
313 2015 486 2085 οἶμαι,
536 2018 818 2086 σύμβολον
862 2013 932 2085 ἦν
969 2025 1062 2086 τῆς
1098 2015 1453 2086 Ἀλεξάνδρου
1491 2017 1732 2084 γνώμης,
1778 2017 1851 2078 ὡς

255 2243 258 2247 ’
296 2241 349 2281 18
382 2236 573 2282 Βόττεια
603 2234 735 2288 πόλις
763 2233 1067 2286 Μακεδονίας
1097 2234 1172 2279 Βς
1300 2238 1356 2277 20
1383 2230 1595 2290 Ἠμαθία
1626 2233 1654 2289 ἡ
1686 2234 1849 2288 τοπρὶν

176 2295 395 2342 Παιωνία
426 2293 859 2353 προσαγορευομένη
891 2294 966 2339 B'
997 2293 1074 2350 (cf.
1106 2293 1272 2338 Suidas
1304 2307 1339 2336 s.
1363 2295 1421 2349 v.)

297 2508 319 2546 1
352 2502 564 2559 ποταμὸν
595 2503 685 2546 ΡΒ
726 2505 732 2558 Ι
774 2500 858 2558 τὴν
896 2500 945 2544 in
982 2513 1058 2544 ras
1090 2500 1155 2545 1²⁶
1195 2500 1202 2557 Ι
1242 2498 1324 2555 τὴν
1355 2498 1439 2555 μὲν
1470 2497 1544 2566 ἡμ.
1587 2496 1851 2564 ΠΙῌΜοζζα

237 2568 264 2607 5
289 2558 360 2612 οἷς
383 2562 491 2617 ἐνῆν
517 2560 681 2617 scripsi
705 2558 757 2611 ὃς
782 2560 993 2605 ΟΑΡΜο
1012 2558 1080 2603 Re
1104 2559 1166 2609 ὡς
1195 2557 1362 2613 reliqui
1393 2555 1502 2599 libn
1524 2555 1626 2600 Mor
1647 2554 1850 2623 Smtfems

237 2622 345 2666 ante
362 2620 424 2671 ὡς
439 2619 666 2664 excidisse
682 2621 822 2675 δῆλον
838 2626 986 2663 ποιῶν
1001 2617 1074 2662 vel
1090 2617 1242 2661 simile
1258 2615 1370 2672 quid
1387 2614 1572 2672 putavit
1587 2614 1800 2659 ReAmm

176 2686 205 2725 8
237 2681 379 2725 αὑτοῦ
413 2679 452 2724 0
485 2680 534 2723 et
563 2691 620 2722 ex
649 2679 794 2722 αὐτοῦ
826 2691 927 2721 corr
949 2675 1017 2722 A*
1092 2676 1235 2720 αὐτοῦ
1267 2674 1435 2731 reliqui
1464 2673 1575 2718 libri
1709 2676 1735 2716 9
1766 2671 1852 2728 τὴν

177 2741 303 2784 inser
324 2738 382 2782 1²
452 2751 530 2782 om
571 2738 616 2783 U
739 2742 791 2781 11
825 2732 1176 2793 κατεπείγοντος
1216 2735 1261 2780 U
1387 2737 1441 2776 12
1481 2733 1561 2776 καὶ
1598 2730 1852 2776 cancelluvi

242 2803 297 2843 18
329 2815 346 2841 ι
375 2796 506 2855 prius
535 2795 587 2840 in
617 2797 849 2854 βοττιαῖος
877 2795 926 2839 in
957 2810 998 2839 ει
1029 2808 1131 2838 corr
1162 2793 1230 2838 Β*
1371 2796 1426 2836 19
1456 2798 1538 2836 τοῦ
1567 2789 1852 2844 ἀλεξάνὸρου

186 2858 262 2904 ΠΙ
295 2859 302 2914 Ι
343 2856 425 2900 καὶ
465 2854 641 2899 inserui
662 2854 695 2917 Η
744 2852 774 2911 ἤ
814 2870 862 2899 τε
894 2854 945 2898 Ο.
971 2852 1167 2897 Mueller
1195 2850 1410 2896 Antioeh.
1442 2865 1487 2907 p.
1513 2853 1568 2894 28
1650 2845 1680 2904 ἢ
1711 2849 1793 2896 Mo

179 2910 210 2977 ᾖ
239 2917 308 2961 Re
339 2915 396 2960 of.
428 2929 473 2972 p.
499 2917 600 2969 465,
624 2917 661 2958 8'
