2090 3162
172 1641 229 1678 44

262 89 370 140 336
804 86 1033 130 LIBANH
1065 85 1403 131 ORATIONES

262 229 387 275 ticus
427 243 541 275 vero
591 227 809 274 continet
855 228 998 275 initio
1046 227 1239 288 privum
1284 226 1629 291 πρεσβευτικὸν
1668 226 1789 291 πρὸς
1828 226 1942 284 τοὺς

269 305 434 366 Τρῶας
485 297 605 365 ὑπὲρ
641 294 840 362 Ἑλένης
879 300 1143 349 Μενελάου
1193 301 1510 361 incipientem
1561 317 1589 348 a
1629 301 1788 349 verbis
1840 307 1943 359 πῶς

262 372 324 422 ἄν
362 393 432 433 τις
472 373 698 439 χρήσαιτο
739 368 834 440 (IV
862 378 908 436 6,
936 368 1027 440 22)

376 451 433 495 2V
471 455 573 495 τοῦ
606 446 787 496 αὐτοῦ
827 446 957 514 περὶ
999 446 1324 511 ἀπληστίας

374 524 430 569 3v
467 529 553 570 τοῦ
607 520 758 570 αὐτοῦ
814 521 885 570 ὅτι
938 521 990 570 τὸ
1044 525 1270 570 πλουτεῖν
1324 519 1505 579 ἀδίκως
1557 528 1643 570 τοῦ
1701 519 1938 570 πένεσθαι

259 594 559 659 ἀθλιώτερον

374 673 431 717 4”“’
470 667 578 734 περὶ
622 669 809 731 φίλων

374 745 403 791 5
467 751 553 792 τοῦ
592 742 745 792 αὐτοῦ
783 741 1189 807 προσφωνητικὸς
1229 742 1458 791 ἰουλιανῶ

376 819 404 865 9
468 818 693 882 λιβανίου
746 824 832 865 τοῦ
887 824 1123 879 σοφιστοῦ
1176 816 1443 882 ἐπιστολαί,
1506 833 1714 879 quarum
1765 818 1943 865 ultima

262 885 418 958 (583)
461 892 609 940 codex
647 892 731 939 fol.
769 893 870 939 115
905 891 1098 939 desinit.
1160 891 1297 939 Inter
1331 894 1430 938 111
1468 894 1516 939 et
1551 893 1653 939 112
1688 892 1782 939 duo
1822 892 1943 939 folia

263 965 545 1014 exciderunt
599 982 724 1027 quae
778 965 922 1013 hodie
977 967 1094 1013 sunt
1144 966 1196 1012 in
1250 965 1548 1013 bibliotheca
1603 965 1942 1013 universitatis

263 1039 784 1102 Cantabrigiensis
808 1039 895 1086 Ms.
914 1038 1040 1086 Add.
1062 1033 1322 1105 1880‚7.1)
1376 1039 1538 1087 Codex
1562 1055 1672 1087 cum
1694 1039 1942 1087 Friderico

262 1114 520 1161 Francisco
545 1114 765 1175 principe
787 1113 1084 1161 hereditario
1108 1115 1275 1176 magni
1301 1114 1507 1161 ducatus
1529 1113 1944 1176 Mecklenburgici

264 1187 565 1235 Sverinensis
583 1187 936 1250 gratiosissime
954 1187 1283 1234 intercedente
1300 1188 1351 1234 in
1370 1203 1424 1234 eo
1443 1189 1570 1235 esset
1583 1189 1642 1234 ut
1658 1203 1785 1234 anno
1800 1188 1940 1234 1875

263 1261 386 1308 mihi
425 1262 744 1309 Rostochium
790 1263 1084 1322 mitteretur,
1130 1261 1181 1308 in
1219 1261 1517 1309 monasterio
1559 1261 1604 1308 S.
1647 1260 1944 1309 Catharinae

267 1335 485 1383 Cairensi
535 1338 755 1383 retentus
805 1335 971 1396 ibique
1023 1351 1051 1382 a
1102 1333 1344 1383 Guilelmo
1393 1334 1556 1396 Spitta
1605 1350 1712 1382 meo
1762 1337 1945 1398 rogatu

264 1410 512 1470 inspectus
554 1412 602 1457 et
642 1426 669 1456 a
708 1410 767 1456 N.
803 1408 1037 1473 Gregorio
1078 1409 1384 1456 Bernardaki
1422 1409 1694 1470 descriptus
1733 1411 1820 1470 est,
1861 1409 1947 1470 qui

263 1483 412 1545 paulo
446 1486 558 1546 post
589 1483 711 1530 mihi
742 1483 1082 1546 apographum
1113 1483 1476 1548 πρεσβευτικοῦ,
1514 1489 1943 1548 προσφωνητικοῦ,

265 1557 588 1618 epistularum
630 1558 755 1605 dono
795 1558 943 1604 misit.

374 1633 455 1679 29.
511 1631 846 1679 Vaticanus
901 1648 971 1694 gr.
1026 1632 1165 1678 1534
1205 1630 1251 1678 A
1303 1630 1701 1678 membranaceus
1755 1631 1942 1677 formae

266 1706 470 1752 octavae
520 1721 704 1767 parvae
756 1706 939 1752 saeculi
978 1704 1096 1751 XIV
1144 1720 1273 1751 unus
1323 1721 1380 1752 ex
1429 1704 1490 1751 iis
1538 1704 1782 1752 codicibus
1822 1719 1943 1766 quos

263 1778 496 1826 Pontifex
537 1779 701 1826 Sixtus
733 1779 779 1824 V
819 1795 947 1826 anno
999 1779 1136 1827 1585
1179 1794 1209 1825 a
1247 1779 1325 1825 Fr.
1350 1778 1535 1826 Accida
1574 1778 1700 1825 dono
1741 1778 1942 1839 accepit.

197 1901 213 1920 ·
263 1853 367 1901 Fol.
390 1855 416 1899 1
451 1853 628 1914 incipit
665 1852 734 1911 εἰς
771 1853 819 1901 τί
853 1852 1091 1917 χρήσεσθε
1122 1879 1195 1885 ——
1225 1850 1276 1900 τὸ
1316 1849 1556 1917 ἄχρηστον
1582 1845 1674 1918 (=
1701 1867 1774 1914 ep.
1798 1851 1945 1899 Bruti

265 1925 376 1974 Cois
417 1928 483 1974 29
530 1927 601 1974 ed.
641 1919 897 1993 Hercher).

375 2007 494 2048 κῶοι
540 2000 751 2065 βρούτω·
805 1999 932 2058 Τοὺς
982 1997 1070 2063 μὲν
1121 1999 1277 2057 ἰδίους
1329 1993 1423 2066 (=
1457 2016 1531 2062 ep.
1574 1994 1665 2065 30)
1718 2000 1942 2061 aliaeque

259 2074 406 2121 huius
445 2074 722 2122 commercii
761 2075 1003 2136 epistulae
1042 2074 1318 2122 succedunt.

371 2148 476 2196 Fol.
512 2149 541 2196 3
582 2165 712 2196 nova
750 2148 927 2210 incipit
965 2163 1140 2195 manus

370 2221 595 2285 λιβανίου
634 2228 870 2284 σοφιστοῦ
908 2220 1157 2270 ἐπιστολαί
1185 2215 1348 2288 (σξγ’).
1411 2221 1502 2268 Est
1534 2220 1756 2268 collectio
1789 2219 1940 2268 Laca-

261 2311 487 2356 pemana.

381 2370 483 2416 158
547 2376 632 2417 τοῦ
665 2368 875 2434 μεγάλου
906 2367 1172 2433 βασιλείου·
1212 2366 1335 2433 πρὸς
1365 2366 1479 2426 τοὺς
1509 2365 1669 2425 νέους·
1711 2366 1843 2425 ὅπως
1879 2363 1943 2415 ἂν

261 2440 310 2500 ἐξ
348 2439 612 2505 ἕλληνικῶν
651 2439 917 2505 ὠφελοΐντο
956 2442 1114 2507 λόγων

377 2517 506 2564 169V
546 2515 866 2581 Πλουτάρχου
912 2523 1016 2574 πῶς
1061 2513 1123 2564 ἄν
1161 2534 1233 2575 τις
1278 2515 1501 2563 αἴσθοιτο
1549 2512 1724 2563 ἑαυτοῦ
1762 2512 1942 2579 προκό-

261 2605 466 2648 πτοντος
503 2585 579 2638 ἐπ’
621 2582 832 2656 &pez-fif)

262 2713 407 2759 Catal.
435 2715 579 2759 codic.
613 2715 799 2770 Sinait.‚
834 2715 1016 2770 Oxonfi,
1051 2720 1165 2760 1886
1195 2731 1240 2772 p.
1270 2719 1355 2758 246
1389 2716 1436 2759 et
1459 2714 1605 2758 Catal.
1632 2714 1763 2758 codd.
1789 2726 1940 2771 graec.

261 2773 373 2817 bibl.
405 2774 528 2818 univ.
561 2774 685 2830 Lips.
717 2790 762 2830 p.
789 2779 858 2818 51.

380 2834 424 2891 1)
441 2832 919 2877 Cf.Annal.Fleckeis.
937 2833 968 2876 1.
985 2833 1014 2876 l.
1032 2848 1078 2890 p.
1093 2837 1177 2877 636
1194 2835 1243 2878 et
1253 2832 1509 2876 Act.Acad.
1526 2831 1676 2877 Berol.
1697 2834 1825 2885 1885,
1839 2835 1940 2875 916.

380 2896 423 2950 2)
457 2891 523 2935 Of.
555 2891 660 2936 Vat.
695 2906 760 2949 gr.
795 2896 909 2936 2243
941 2894 1100 2949 (supra
1132 2907 1178 2949 p.
1212 2894 1315 2950 282)
1347 2893 1395 2936 et
1425 2891 1589 2936 Sinait.
1623 2892 1684 2947 (p.
1720 2891 1836 2947 335).
