2090 3162
716 94 941 138 LIBANH
974 94 1196 138 ORATIO
1229 95 1291 137 XI
1735 95 1842 147 515

168 229 256 282 καὶ
295 231 418 299 περὶ
466 231 602 297 ἡμᾶς
649 229 986 283 ἀποπαύεται
1033 231 1165 293 κατὰ
1205 232 1333 292 τοὺς
1371 230 1508 299 πρὸς
1547 230 1608 282 ἓν
1646 230 1842 293 κάλλος

163 317 569 387 κεκινημένους,
612 314 689 371 ὧν
728 322 856 381 τοὺς
896 319 1223 387 ὀφθαλμοὺς
1263 329 1414 385 σῶμα
1454 317 1642 388 ἕτερον
1672 336 1841 388 παρα-

166 404 342 475 φα-νὲν
381 407 446 459 οὐ
498 411 840 475 μεθίστησιν.
917 407 1039 459 225.
1092 406 1120 459 ὁ
1168 404 1228 459 δὲ
1279 408 1493 476 διαρρεῖ
1530 426 1587 459 τε
1626 408 1842 459 ἅπασαν

160 496 250 547 καὶ
281 504 526 564 περιρρεῖ
558 497 645 548 καὶ
672 493 839 548 οὐδὲν
870 496 1102 564 ἄμοιρον
1126 503 1220 563 τῆς
1252 494 1567 564 ἐπικουρίας
1591 494 1841 564 ἀφίησιν·

161 585 228 638 οὐ
283 585 385 653 γὰρ
442 586 519 646 εἰς
572 581 673 651 μὲν
719 586 813 646 τὰς
847 582 853 654 Ι
889 593 998 637 τῶν
1054 585 1396 651 εὐδαιμόνων
1443 586 1617 646 οἰκίας
1662 583 1751 637 καὶ
1782 597 1928 640 R347

159 674 504 741 τριωρόφους
558 674 842 741 εἰσχεῖται,
898 682 1008 725 τῶν
1062 669 1121 725 δὲ
1183 675 1524 741 χαμαιζήλων
1576 674 1663 725 καὶ
1718 673 1841 725 ὅσαι

157 763 406 829 πενήτων
458 761 902 829 ὑπεραιωρεῖται,
959 760 1076 814 ἀλλ’
1138 762 1318 830 ὥσπερ
1382 760 1444 814 ἐν
1505 763 1841 831 δημοκρατίᾳ

157 858 268 902 τῶν
316 851 499 916 νόμων
548 855 670 902 ἴσον
717 849 984 917 μέτεστιν,
1033 850 1174 902 οὕτω
1222 848 1350 919 παρ’
1394 849 1526 918 ἡμῖν
1568 852 1841 919 ἰσομοιρία

157 958 240 1001 τις
295 947 423 991 τῶν.
459 939 698 1007 ζεφύρου
753 943 952 1005 καλῶν,
1014 937 1103 991 καὶ
1158 937 1340 1001 οὐδεὶς
1393 940 1608 991 πώποτε
1662 940 1840 1001 διψῶν

161 1027 332 1095 αὔρας
394 1028 541 1097 παρὰ
600 1036 711 1079 τῶν
765 1029 1027 1094 γειτόνων
1081 1025 1336 1098 ᾐτιάσατο
1398 1035 1559 1080 τοῦτο
1620 1032 1838 1079 παθεῖν.

159 1115 302 1168 οὕτω
335 1116 427 1168 διὰ
458 1116 681 1168 πάντων
713 1118 922 1184 ἔρχεται
953 1116 1042 1167 καὶ
1076 1117 1443 1168 διολισθαίνει
1479 1116 1568 1168 καὶ
1607 1115 1839 1185 ὅτουπερ

155 1203 225 1256 ἂν
263 1204 510 1272 λάβηται,
548 1212 711 1256 τοῦτο
752 1203 879 1266 ὁδὸς
919 1204 1076 1275 αὐτῷ.
1144 1203 1266 1256 226.
1305 1203 1395 1256 καὶ
1434 1212 1527 1272 τῆς
1565 1201 1664 1271 μὲν
1696 1203 1841 1256 ἀκτῖ-

158 1312 254 1355 νος
291 1294 395 1361 ἤδη
434 1289 580 1354 τινὲς
619 1292 1071 1361 ἀπεστερήθησαν
1110 1290 1503 1360 ἐπισκοτούσης
1543 1294 1717 1355 οἰκίας
1754 1291 1839 1359 ἐγ-

158 1382 353 1449 γύθεν,
406 1380 637 1451 ζέφυρος
688 1378 748 1433 δὲ
796 1382 986 1433 οὐδενὶ
1025 1382 1323 1433 κεκώλυται
1363 1381 1423 1432 τὸ
1463 1381 1534 1448 μὴ
1575 1380 1642 1433 οὐ
1681 1381 1839 1433 κοινὰ

154 1471 498 1537 χαρίζεσθαι,
546 1468 682 1521 ἀλλὰ
727 1470 1066 1535 βαδιζόντων
1105 1489 1160 1521 τε
1200 1470 1327 1530 τοὺς
1374 1477 1604 1537 χιτῶνας
1649 1469 1837 1538 αἰωρεῖ

153 1558 242 1610 καὶ
297 1556 422 1627 περὶ
477 1566 594 1620 ταῖς
649 1560 877 1626 κνήμαις
940 1556 1162 1625 στρέφει
1215 1558 1606 1609 καθευδόντων
1659 1575 1715 1609 τε
1778 1557 1835 1608 αἱ

155 1648 406 1708 σινδόνες
458 1645 833 1708 ὑποπνέοντος
881 1646 1005 1715 περὶ
1056 1654 1170 1708 τοῖς
1224 1647 1432 1712 σώμασι
1486 1653 1834 1715 κυρτοῦνται,

274 1877 299 1914 3
331 1872 480 1916 Νἰοθίῡ.
516 1871 655 1916 Chon.
688 1888 733 1929 p.
761 1876 815 1915 36
850 1873 993 1916 Bonn.
1027 1870 1085 1928 ἣν
1117 1870 1422 1939 (Ἀντιόχειαν)
1461 1873 1733 1930 περιβομβεῖ
1768 1869 1835 1924 ζέ-

1887 518 1908 548 4

1864 1049 1906 1081 10

1861 1490 1901 1523 15

155 1948 303 1987 φυρος
333 1931 501 1988 ἄνεμος
621 1936 646 1974 6
679 1931 785 1975 Her.
818 1931 839 1974 Ι
871 1935 969 1984 180,
996 1936 1021 1974 2
1070 1931 1126 1974 cf.
1153 1930 1269 1974 Phil.
1303 1945 1379 1974 un.
1411 1943 1613 1987 prooem.
1647 1946 1690 1987 p.
1716 1934 1757 1985 4,
1777 1935 1831 1973 21
1875 1952 1878 1953 ⁷

155 1990 380 2034 ed.vind.
535 1995 589 2033 13
622 1990 751 2034 nem.
786 2005 822 2034 ο.
855 1990 966 2033 Mid.
1002 1995 1026 2043 g
1061 1994 1144 2034 158
1177 2006 1220 2046 p.
1255 1994 1354 2043 565,
1384 1995 1439 2033 25

246 2209 296 2247 ⁴2
337 2204 575 2260 παράττον
606 2204 767 2248 Iacobs
799 2204 916 2247 Phil.
950 2208 1034 2246 472
1119 2202 1345 2258 παράπαν
1376 2203 1477 2247 Mor
1626 2207 1651 2246 3
1685 2203 1728 2262 ὁ]
1775 2204 1831 2247 οὐ

155 2263 239 2308 Mo
373 2268 399 2306 5
440 2264 548 2309 οὐδὲ
590 2264 659 2308 U1
698 2264 704 2322 1
746 2262 828 2320 μὲν
860 2277 934 2307 om
962 2263 1135 2307 MBCa
1157 2262 1271 2306 Plan
1317 2263 1323 2320 Ι
1361 2270 1452 2306 τῶν
1484 2277 1559 2306 om
1595 2262 1639 2307 U
1707 2263 1832 2307 inser

152 2321 210 2366 1²
237 2323 243 2381 Ι
270 2322 352 2373 τὰς
376 2337 515 2380 supra
538 2323 619 2366 καὶ
644 2323 705 2366 M
714 2322 731 2347 ²
755 2324 803 2366 et
826 2323 1012 2377 „malim
1035 2322 1117 2373 τὰς
1138 2327 1320 2377 τριωρ.“
1346 2321 1413 2364 Re
1509 2326 1534 2365 6
1557 2320 1831 2377 τριωρόφων

152 2424 268 2469 Plan
361 2430 384 2469 -ι
408 2398 765 2482 ’ἐῗεέἕῖιῗὲρεῑται
790 2426 851 2469 Μ
907 2424 1113 2481 {moneo-2
1138 2425 1222 2469 Mo
1247 2425 1385 2481 (unde
1409 2423 1570 2468 Iacobs
1594 2424 1831 2480 Phi1.479)

153 2485 262 2529 etB
286 2484 368 2528 sed
389 2485 439 2529 in
462 2484 629 2541 hoc‘yp
654 2485 1009 2540 ὑπεραιωρεῖται
1035 2497 1258 2540 suprascr.
1277 2482 1359 2536 m',
1385 2485 1432 2526 et
1455 2482 1572 2527 Plan
1624 2483 1830 2539 ὑπερορᾶ

151 2543 187 2587 I
226 2543 308 2587 sed
350 2559 375 2588 ο
414 2545 464 2588 in
515 2544 711 2588 duarum
759 2543 855 2587 fere
905 2545 953 2587 et
990 2550 1021 2587 ᾶ
1067 2543 1117 2587 in
1156 2544 1375 2599 quattuor
1423 2541 1520 2586 fere
1570 2541 1829 2586 litterarum

153 2615 315 2646 rasura.
386 2603 502 2659 ὑπερ
536 2603 602 2647 Ca
633 2603 713 2647 sed
757 2620 811 2660 γρ
843 2603 1048 2658 ὑπερορα
1091 2602 1140 2645 in
1170 2615 1304 2659 marg
1434 2605 1461 2644 8
1492 2600 1596 2646 ἴσον
1627 2614 1683 2644 ex
1716 2600 1829 2644 ἴσων

153 2674 255 2705 corr
277 2659 335 2704 1¹
408 2661 520 2706 ἴσων
555 2663 599 2708 U
622 2662 806 2717 „malim
837 2668 951 2705 πᾶσι
980 2668 1072 2705 τῶν
1104 2660 1257 2717 νόμων
1290 2659 1336 2712 ἐξ
1367 2659 1472 2704 ἴσου
1503 2666 1587 2705 aut
1614 2659 1666 2704 τὸ
1699 2658 1828 2703 ἴσον“

151 2719 221 2764 Re
270 2722 276 2775 Ι
326 2733 378 2764 στ
407 2720 457 2764 in
488 2718 692 2777 μέτεστιν
722 2721 771 2764 in
802 2733 877 2764 ras
910 2719 982 2764 Ρ*
1029 2722 1036 2775 Ι
1085 2719 1203 2765 οὕτω
1242 2719 1322 2763 καὶ
1359 2716 1472 2775 παρ’
1516 2719 1592 2764 UI
1703 2722 1729 2761 9
1760 2715 1831 2770 τίς

152 2779 364 2824 ΑΙΒΜο
490 2783 545 2823 10
576 2779 744 2835 αὔραις
775 2780 841 2824 Ga
871 2779 952 2822 sed
984 2778 1133 2835 αὔρας
1162 2779 1210 2822 in
1241 2791 1374 2836 marg
1505 2782 1556 2821 11
1591 2776 1708 2822 οὕτω
1741 2776 1828 2834 γὰρ

152 2837 236 2883 διὰ
260 2837 344 2883 Mo
360 2836 477 2882 Plan
590 2842 646 2882 13
670 2838 762 2895 ἤδη
786 2838 910 2882 inser
933 2837 990 2882 1²
1111 2842 1166 2881 14
1189 2844 1251 2881 τῶ
1277 2838 1339 2882 Μ
1455 2841 1509 2880 16
1540 2835 1623 2888 τὰς
1653 2835 1831 2892 κνήμας

154 2895 273 2941 Plan
394 2901 447 2940 17
481 2896 572 2942 ὑπὸ
601 2895 859 2948 πνέοντοςῖ
898 2897 906 2955 1
943 2914 969 2941 ν
1001 2897 1050 2940 in
1081 2903 1355 2951 κυρτοῦνται
1385 2895 1510 2940 inser
1541 2895 1596 2940 1²

1477 2969 1566 3012 33*
