2090 3162
766 67 993 111 LIBANII
1024 66 1247 111 ORATIO
1282 67 1322 110 X
1779 67 1887 119 407

203 203 573 272 ἐγκωμιάζειν.
650 203 698 255 εἰ
746 201 795 254 δ’
842 203 1002 255 ὤκνει
1049 209 1211 255 τοῦτο
1259 211 1435 255 ποιῶν
1475 202 1746 271 ὀφθῆναι,
1788 202 1889 254 οὐκ

211 293 444 360 εὔλογον
483 292 584 360 μὲν
623 292 682 343 τὸ
723 292 928 358 πάθος,
968 293 1103 344 ἔστω
1146 290 1208 344 δέ
1243 311 1326 353 τις
1365 297 1437 362 τῷ
1473 293 1616 362 ὄκνῳ
1656 297 1730 363 τῷ
1764 289 1886 357 περὶ

205 388 369 434 τοῦτο
411 382 587 448 λόγος.
665 380 693 432 ὁ
735 377 795 432 δὲ
841 382 898 432 τί
932 380 1131 449 μαθὼν
1171 383 1369 442 λίθους
1415 378 1502 432 ἐπὶ
1550 381 1731 442 λίθοις
1779 380 1886 431 δει-

206 470 364 522 κνύει
403 466 493 521 καὶ
541 471 715 522 πόνον
754 468 942 538 ἕτερον
987 467 1075 521 καὶ
1126 469 1376 537 δαπάνην
1416 470 1587 536 ἄλλην
1625 466 1716 520 καὶ
1755 486 1885 536 προ-

201 559 418 625 θυμίαν
455 559 666 625 πολλὴν
704 556 1048 625 πειρωμένην
1087 566 1306 626 νικῆσαι
1344 558 1410 609 τὰ
1452 559 1598 624 τρία;
1675 557 1758 608 21.
1806 558 1887 619 τίς
1933 578 1952 608 5

208 647 311 714 γὰρ
354 650 493 698 οἴσει
524 647 590 698 τὰ
621 648 981 714 γενησόμενα;
1019 649 1102 708 τίς
1132 647 1230 698 τὸν
1261 645 1666 712 ἑσπεσούμενον
1698 646 1885 714 ὄχλονς

199 736 284 796 τίς
324 735 423 803 οὐχ
463 735 719 803 ἡγήσεται
759 738 950 803 ληρεῖν
987 735 1085 787 τὸν
1122 737 1333 805 κήρυκα
1371 733 1717 803 μεμνημένον
1755 733 1886 802 ἡσυ-

203 826 346 891 χίας;
386 826 469 886 τίς
509 824 678 876 δείσει
717 823 778 875 τὸ
820 832 1118 892 σκῆπτρον;
1158 818 1244 886 τίξ
1271 824 1607 892 αἰσχυνεῖται
1639 823 1738 875 τὸν
1769 821 1886 875 στέ-

202 932 410 980 φανον;
466 914 547 974 τίς
586 913 687 980 τὴν
725 911 898 981 ἀρχὴν
938 912 1131 980 αὐτήν;
1209 913 1294 966 22.
1346 917 1590 965 εἴσονται
1635 912 1765 981 γάρ,
1814 911 1887 974 ὡς

200 999 272 1067 ἢν
311 1001 382 1068 μὴ
423 1001 660 1070 δουλεύῃ
700 1002 987 1063 τοσούτοις
1034 996 1159 1054 οὖσι
1197 1009 1314 1063 τοῖς
1358 1006 1607 1068 θεαταῖς,
1653 999 1884 1069 ἐμβρον-
1910 1022 1953 1054 ιο

197 1089 390 1156 τηθεὶς
421 1088 542 1141 {md
561 1097 655 1157 τῆς
689 1091 824 1157 βοῆς
863 1090 1098 1158 ἄπεισιν,
1131 1089 1320 1156 ἀρκεῖν
1351 1089 1656 1158 ἡγούμενος
1694 1090 1886 1153 σώζειν

198 1176 419 1246 ἑαυτόν,
457 1185 521 1246 τῇ
555 1176 777 1230 ’κείνων
808 1177 967 1247 ἀφεὶς
998 1181 1256 1247 βουλήσει
1289 1179 1350 1230 τὸ
1382 1176 1507 1246 περὶ
1546 1179 1677 1240 τοὺς
1715 1177 1886 1246 ἀθλη-

199 1266 315 1328 τάς·
370 1266 502 1318 αὐτὸ
553 1267 657 1335 γὰρ
705 1267 765 1319 τὸ
812 1274 910 1319 τοῦ
956 1267 1199 1336 θεάτρου
1249 1265 1484 1335 μέγεθος
1533 1265 1885 1319 ἐπισπάσεται

198 1357 331 1416 τοὺς
363 1354 430 1408 οὐ
463 1355 712 1417 δικαίους
736 1364 847 1407 τῶν
880 1355 1078 1407 αὐτόθι
1111 1354 1420 1423 γινομένων
1451 1354 1706 1423 μετέχειν.
1763 1374 1887 1422 μετ-

200 1442 391 1511 έχουσι
429 1440 531 1512 μὲν
569 1445 671 1512 γὰρ
712 1442 803 1496 καὶ
846 1451 970 1511 νῦν,
1011 1443 1128 1496 ἀλλ’
1167 1444 1234 1496 οὐ
1278 1452 1548 1511 τοσοῦτοι,
1588 1442 1881 1512 μεθέξουσι
1907 1463 1950 1496 15

200 1532 261 1584 δὲ
293 1530 351 1584 ἐκ
382 1541 492 1584 τῶν
526 1532 979 1601 προστιθεμένων
1011 1534 1251 1601 πλείους,
1292 1533 1323 1601 ἡ
1362 1535 1519 1601 ζημία
1551 1532 1613 1585 δὲ
1650 1530 1712 1585 ἐν
1743 1533 1888 1603 αὐτῷ

195 1626 272 1692 τῷ
305 1623 533 1673 πλείονι.

309 1708 394 1760 23.
434 1710 500 1762 Τί
529 1704 632 1762 οὖν
664 1712 971 1779 περιιόντες
1003 1709 1206 1779 λέγετε;
1263 1711 1500 1779 μικρὰν
1532 1709 1560 1762 ὁ
1588 1711 1883 1779 Πρόκλος

195 1798 316 1864 τὴν
362 1799 560 1850 πόλιν
605 1799 1000 1867 παραλαβὼν
1043 1799 1332 1867 μεγάλην
1377 1797 1698 1866 ἐποίησεν.
1775 1796 1881 1866 ἐγὼ

198 1885 302 1953 μὲν
356 1885 461 1954 γὰρ
517 1884 578 1939 ἐν
630 1887 808 1958 τούτῳ
855 1893 930 1959 τῷ
977 1886 1153 1956 μέρει,
1207 1886 1298 1940 καὶ
1352 1895 1616 1957 μαρτυρεῖ
1669 1906 1763 1955 μοι
1816 1887 1882 1939 τὰ
1906 1908 1950 1940 20

197 1973 512 2042 πράγματα,
561 1973 890 2044 μικροτέραν
937 1975 1105 2028 αὐτόν
1152 1995 1292 2044 φημι
1331 1984 1514 2028 ποιεῖν
1562 1975 1663 2043 τὴν
1700 1976 1881 2027 πόλιν.

199 2061 262 2115 ἐν
299 2063 403 2131 γὰρ
444 2069 518 2134 τῷ
563 2071 789 2116 τοιαῦτα
840 2064 1155 2133 οἰκοδομεῖν
1203 2063 1458 2116 καταλύει
1508 2071 1572 2133 τῇ
1623 2065 1780 2117 πόλει
1818 2064 1880 2116 τὸ

197 2150 502 2219 κεφάλαιον
540 2159 635 2220 τῆς
674 2150 858 2221 δόξης,
901 2155 1111 2219 μᾶλλον
1151 2153 1211 2206 δὲ
1248 2153 1709 2223 προσδιαφθείρει
1747 2154 1880 2221 μετὰ

196 2228 310 2292 τῶν
378 2241 556 2293 λίθων
623 2248 688 2310 τῇ
757 2241 900 2311 λύμῃ
962 2249 1027 2311 τῇ
1095 2242 1243 2310 παρὰ
1309 2250 1421 2293 τῶν
1489 2242 1806 2309 ἔμπροσθεν
1869 2239 1946 2310 {24

195 2329 542 2396 προστιθείς,
603 2329 676 2391 ὡς
735 2328 930 2398 μηδενὶ
990 2330 1050 2383 τὸ
1112 2330 1309 2383 λοιπὸν
1369 2330 1650 2382 διεστάναι
1709 2331 1772 2382 τό
1820 2341 1860 2384 R-
1881 2347 1967 2387 269

196 2434 254 2467 τε
293 2423 392 2468 τοῦ
431 2417 718 2471 Διονύσου
764 2417 1008 2487 θεάτρον
1044 2420 1107 2471 τό
1145 2437 1203 2471 τε
1241 2425 1340 2471 τοῦ
1379 2418 1518 2480 Διὸς
1554 2425 1654 2471 τοῦ
1686 2416 1878 2485 Ὀλυμ·

195 2505 344 2556 πίου.
429 2505 514 2557 24.
564 2506 676 2559 ἔδει
725 2503 828 2575 μὲν
877 2508 980 2576 γὰρ
1033 2506 1086 2570 ἐξ
1138 2506 1397 2559 ἁπάντων
1445 2515 1557 2559 τῶν
1609 2514 1705 2575 τῆς
1758 2505 1877 2575 ἑορ-

195 2599 293 2659 τῆς
360 2594 576 2662 χωρίων
642 2593 1010 2663 ἐκβεβλῆσθαι
1077 2597 1208 2658 τοὺς
1275 2594 1587 2664 ἀσχήμονας
1644 2595 1877 2657 τούτους

316 2815 342 2854 6
372 2811 424 2855 τὸ
456 2812 762 2870 γενησόμενον
792 2813 925 2871 Bong
1070 2818 1122 2858 11
1156 2810 1334 2867 σωίζειν
1369 2814 1407 2859 G
1546 2818 1600 2857 12
1632 2813 1774 2858 αὑτὸν
1806 2814 1874 2857 Re

258 2873 312 2912 18
343 2869 425 2926 τὴν
455 2869 590 2915 πόλιν
622 2872 646 2916 ὃ
678 2871 877 2928 πρόκλος
910 2874 948 2918 G
