2090 3162
213 123 320 174 524
765 121 989 164 LIBANH
1022 120 1243 164 ORATIO
1277 122 1339 164 XI

213 260 392 310 ἅπασα
443 259 590 325 φυλὴ
629 265 721 325 τῆς
770 259 975 318 πόλεως
1023 261 1271 325 λουτρῶν
1321 258 1545 323 κόσμοις
1598 258 1894 321 ἰδιωτικοῖς

214 346 509 414 ἁβρύνεται
549 354 643 413 τῆς
683 345 993 413 ἐπωνυμίας
1031 347 1350 414 κρείττοσιν.
1414 345 1447 397 ἃ
1486 347 1728 417 τοσούτῳ
1768 351 1895 400 καλ-

126 448 166 490 R
188 452 272 490 355
307 437 403 487 λίω
444 444 554 486 τῶν
588 436 884 502 δημοσίων,
926 435 1139 506 ὅσῳπερ
1171 443 1282 486 τῶν
1322 435 1598 502 δημοσίων
1633 435 1638 501 Ι
1676 435 1895 504 ἐλάττω,

217 522 306 575 καὶΥ
361 524 533 590 πολλὴ
590 533 701 575 τῶν
755 527 1008 591 φυλετῶν
1062 520 1175 591 ἔρις
1229 521 1353 592 παρ’
1410 523 1595 585 αὐτοῖς
1649 522 1895 586 ἑκάστοις

171 632 189 664 5
216 607 355 663 εἶναι
387 612 446 663 τὸ
479 613 785 664 κάλλιστον.
842 611 963 663 246.
1005 611 1174 675 ἔξεστι
1209 608 1269 663 δὲ
1300 612 1399 663 τὸν
1431 608 1531 677 μὲν
1561 621 1670 664 τῶν
1702 622 1893 680 πηγῶν

214 704 456 751 πλοῦτον
509 706 584 771 τῷ
638 703 842 768 πλήθει
899 709 1010 752 τῶν
1066 701 1255 752 οἰκιῶν
1310 708 1556 752 σκοπεῖν·
1613 700 1736 753 ὅσαι
1791 702 1895 771 γὰρ

216 790 398 856 οἰκίαι,
422 796 683 841 τοσαῦται
707 795 922 857 κρῆναι,
947 792 1156 854 μᾶλλον
1182 788 1242 840 δὲ
1267 786 1391 840 καθ’
1427 786 1658 856 ἑκάστην
1681 792 1895 857 πολλαί,

215 878 304 929 καὶ
335 886 447 929 τῶν
478 896 538 944 γε
581 875 957 945 ἐργαστηρίων
988 878 1052 929 τὰ
1095 877 1269 929 πολλὰ
1299 878 1473 948 τούτῳ
1518 878 1896 946 φαιδρύνεται.

216 965 337 1017 247.
390 966 579 1034 διόπερ
633 962 764 1018 οὐδὲ
814 966 936 1034 περὶ
975 967 1071 1027 τὰς
1111 967 1374 1034 δημοσίας
1412 966 1898 1035 παγκρατιάζομεν,

150 1076 190 1107 10
215 1054 362 1116 ὅστις
399 1055 505 1123 πρὸ
546 1062 645 1106 τοῦ
685 1055 919 1122 πλησίον
958 1053 1243 1122 ἀρύσεται,
1282 1061 1446 1106 τοῦτο
1487 1055 1554 1121 δὴ
1593 1055 1653 1106 τὸ
1692 1055 1900 1117 πολλὰς

215 1152 327 1195 τῶν
365 1131 733 1211 πολυχρύσων
771 1141 1058 1211 ἐνοχλοῦν·
1098 1140 1224 1211 παρ’
1271 1135 1371 1204 οἷς
1394 1142 1639 1210 ὠθισμός
1678 1162 1735 1195 τε
1771 1141 1898 1213 περὶ

216 1232 310 1293 τὰς
356 1234 559 1301 κρήνας
603 1232 866 1301 καρτερὸς
910 1231 1000 1283 καὶ
1048 1229 1128 1282 ἐπ’
1183 1230 1424 1298 ἀγγείοις
1469 1230 1900 1298 καταγνυμένοις

217 1319 457 1388 ὀδυρμὸς
507 1318 596 1372 καὶ
646 1320 783 1389 πρὸς
833 1328 949 1381 τοῖς
999 1328 1257 1389 κρουνοῖς
1296 1321 1360 1371 τὰ
1399 1320 1691 1388 τραύματα.
1768 1320 1901 1388 ἡμῖν

218 1405 277 1460 δὲ
318 1409 409 1461 διὰ
448 1409 508 1460 τὸ
542 1413 669 1460 εἴσω
701 1413 899 1475 θυρῶν
932 1406 1179 1470 ἑκάστοις
1210 1404 1351 1461 εἶναι
1386 1409 1597 1477 κρήνην
1629 1409 1684 1461 αἱ
1716 1407 1900 1460 κοιναὶ

153 1518 194 1549 15
217 1497 355 1565 πρὸς
401 1495 664 1559 ἐπίδειξιν
711 1496 913 1566 ῥέουσι.
991 1496 1113 1548 248.
1162 1498 1224 1548 τό
1276 1516 1338 1564 γε
1387 1498 1496 1565 μὴν
1533 1505 1644 1550 τῶν
1680 1496 1903 1549 ὑδάτων

220 1581 483 1653 διαφανὲς
522 1585 696 1647 οὕτως
734 1583 803 1638 ἂν
843 1584 1115 1648 ἐξετάσαις
1153 1589 1354 1653 καλῶς,
1405 1586 1454 1637 εἰ
1499 1587 1901 1654 κολυμβήθραν

131 1686 172 1727 R
193 1689 277 1728 356
309 1676 516 1741 πλήσας
547 1674 608 1725 τὸ
642 1671 721 1725 ἐπ’
763 1673 928 1741 αὐτῆς
957 1673 1108 1742 ὕδωρ
1142 1671 1449 1742 ἐπισχήσεις
1485 1671 1490 1742 Ι
1525 1680 1624 1725 τοῦ
1664 1671 1901 1742 ῥέοντος.

221 1763 379 1831 οἰήσῃ
420 1763 523 1830 γὰρ
564 1762 735 1830 αὐτὴν
769 1758 910 1815 εἶναι
943 1764 1123 1830 κενήν.
1187 1762 1360 1824 οὕτως
1393 1763 1589 1824 ἱκανῶς
1620 1762 1901 1830 τοῦδαφος

340 1941 364 1979 2
399 1936 486 1994 ἁβρ
519 1937 568 1979 in
599 1936 850 1994 ἁβρύνεται
885 1937 934 1979 in
964 1950 1039 1980 ras
1071 1935 1143 1980 12²
1211 1937 1460 1994 ἁβρύνεται
1492 1938 1537 1980 Β
1573 1938 1578 1992 Ι
1613 1942 1692 1992 τῆς
1724 1935 1901 1979 ἐπωνυ-

222 1993 329 2050 μίας
373 1995 536 2052 scripsi
583 1995 850 2039 auctoribus
882 1996 951 2039 Re
974 1995 1114 2038 Anim
1158 1996 1205 2039 et
1242 1995 1470 2048 Iacobsio,
1514 1996 1568 2038 ut
1610 1995 1659 2037 in
1690 1993 1844 2038 12M²
1875 2008 1900 2038 e

221 2062 322 2105 ταῖς
361 2051 644 2110 ἐπωνυμίαις
682 2055 936 2098 correctum
976 2056 1047 2098 est
1127 2061 1229 2105 ταῖς
1267 2051 1550 2110 ἐπωνυμίαις
1587 2053 1696 2096 libri
1739 2053 1829 2097 edd

222 2119 248 2156 4
282 2114 375 2169 ἔρις
404 2113 456 2157 τὸ
488 2111 603 2169 παρ’
630 2114 698 2157 Re
715 2113 853 2156 Anim
977 2118 1030 2157 10
1059 2110 1253 2170 πλησίου
1280 2112 1344 2156 Ca
1373 2115 1377 2169 Ι
1405 2113 1630 2169 ἀρύσηται
1661 2113 1864 2157 IBMCa
1891 2114 1898 2168 1

222 2217 273 2260 τὸ
306 2230 380 2259 om
412 2217 458 2260 B
497 2218 502 2272 Ι
539 2190 711 2267 nozffig
743 2218 806 2261 M
875 2218 1060 2266 πολλοῖς
1091 2217 1224 2260 BMo
1299 2216 1464 2260 πολλαὶ
1506 2229 1611 2259 cum
1652 2229 1813 2259 rasura,
1852 2216 1902 2258 in

223 2275 312 2318 fine
344 2276 388 2320 U
515 2280 567 2318 11
602 2274 807 2332 ὠθισμός
838 2275 1003 2331 scripsi
1035 2289 1091 2318 ex
1122 2275 1456 2320 UIBMMoCa
1527 2274 1744 2331 ὠθησμός
1778 2275 1906 2319 GAP

224 2334 315 2377 edd
407 2339 460 2377 13
484 2334 575 2390 πρὸ
603 2337 686 2379 Mo
713 2336 719 2394 Ι
745 2334 802 2379 τὰ
834 2349 946 2377 num
970 2334 1081 2378 del?
1141 2333 1199 2377 τὰ
1229 2332 1374 2378 πολλὰ
1406 2333 1509 2377 coni
1532 2333 1600 2377 Re
1628 2335 1633 2389 Ι
1660 2334 1902 2390 τραύματα

226 2393 331 2446 Mo,
373 2410 428 2449 γρ
471 2394 708 2449 κρούματα
749 2394 799 2436 in
841 2406 974 2450 marg
1119 2397 1172 2436 14
1213 2395 1379 2448 θηρῶν
1411 2393 1473 2435 Μ
1500 2392 1581 2436 scd
1620 2409 1649 2435 v
1694 2406 1834 2448 supra.
1871 2409 1901 2448 η

225 2465 450 2508 suprascr.
484 2452 552 2495 m²
705 2457 756 2496 15
799 2451 852 2496 τό
883 2478 941 2484 -—
973 2456 1072 2504 525,
1097 2456 1125 2494 4
1168 2459 1291 2495 πιεῖν
1335 2451 1451 2495 citat
1488 2451 1604 2494 Plan
1650 2451 1726 2495 fol.
1763 2455 1843 2494 99V
1903 2487 1906 2491 Α

227 2514 279 2552 16
313 2508 372 2554 ἂν
402 2537 460 2542 -
494 2515 547 2554 17
579 2510 704 2566 ὕδωρ
737 2525 812 2555 om
845 2511 910 2555 Ca
1017 2516 1068 2554 17
1102 2509 1277 2565 πλήσας
1307 2509 1472 2566 scripsi
1503 2512 1690 2554 auctore
1723 2510 1903 2553 Sinteni

314 2568 480 2624 στήσας
524 2569 635 2613 libri
680 2569 883 2627 (στήσαις
919 2571 1030 2613 ΒΜ
1066 2570 1146 2613 sed
1191 2569 1241 2612 in
1286 2569 1374 2612 hoc
1421 2583 1505 2618 σας
1551 2582 1775 2625 suprascr.
1815 2568 1903 2625 m³)

163 2628 167 2634 '
223 2627 341 2671 Plan
373 2628 464 2672 edd
502 2630 507 2684 Ι
547 2627 714 2683 στήσας
745 2629 811 2680 εἰς
839 2629 892 2672 τὸ
925 2625 1009 2671 ἀπ’
1046 2629 1188 2685 αὐτῆς
1217 2627 1342 2683 ὕδωρ
1375 2626 1595 2686 ἐπισχήσῃ
1627 2628 1695 2672 Re
1717 2627 1857 2670 Anim
1891 2629 1900 2684 Ι

226 2687 342 2742 αὐτῆ
382 2687 467 2731 UP
503 2688 583 2731 sed
621 2687 670 2730 in
709 2687 797 2731 hoc
827 2701 988 2730 rasura
1017 2687 1155 2730 unius
1185 2686 1372 2730 litsserae
1403 2688 1509 2743 post
1539 2703 1567 2742 η
1610 2689 1615 2743 Ι
1658 2685 1904 2744 ἐπισχήσης

226 2745 342 2788 Plan
418 2745 673 2800 ἐπιστήσεις
705 2746 771 2790 Ga
844 2745 1107 2804 ἀποστήσῃς
1149 2745 1252 2789 coni
1282 2746 1372 2799 Re,
1418 2745 1583 2788 melius
1627 2743 1905 2802 ἀποσχήσεις

228 2803 383 2847 Gasda
520 2809 574 2848 18
606 2805 851 2862 ,,ἐμφανῶς
889 2810 970 2848 aut
1010 2805 1240 2862 ἐναργῶς“
1272 2805 1340 2847 Re
1356 2803 1496 2846 Anim
1570 2804 1785 2860 „o'cyocvfflg
1821 2807 1905 2846 aut

227 2865 478 2918 καθαρῶς“
517 2863 679 2907 Iacobs
763 2865 1007 2919 διαφανῶς
1043 2863 1117 2906 vel
1159 2861 1414 2919 εἰλικρινῶς
1452 2863 1755 2918 praetulerim
1797 2859 1898 2905 coll.

227 2920 255 2963 1.
285 2926 338 2964 16
370 2921 442 2964 vel
473 2937 517 2978 p.
551 2926 651 2976 521,
679 2926 732 2965 18
