2090 3162
945 814 1006 865 X.

248 966 417 1016 Oratio
466 965 596 1031 περὶ
642 974 742 1015 τοῦ
782 965 1060 1032 Πλέθρου
1108 983 1236 1015 anno
1280 962 1473 1030 383s84
1514 967 1688 1016 Proclo
1730 967 1820 1015 Co-

134 1042 254 1090 mite
295 1040 511 1090 Orientis
559 1043 743 1104 scripta
788 1057 1060 1103 paucorum
1105 1044 1252 1089 nacta
1301 1044 1376 1090 est
1426 1041 1818 1090 admirationem.

133 1116 246 1164 Non
307 1116 530 1177 pluribus
591 1116 747 1179 igitur
802 1131 951 1177 quam
1005 1117 1242 1177 quattuor
1294 1115 1373 1163 vel
1428 1116 1468 1163 si
1524 1116 1597 1163 dis
1654 1116 1822 1177 placet

134 1190 350 1252 quinque
413 1189 659 1237 codicibus
714 1190 777 1237 ad
830 1193 1051 1238 nostram
1114 1191 1329 1237 aetatem
1389 1191 1627 1252 pervenit.
1725 1188 1821 1246 Qui

134 1266 272 1311 sunt:

248 1341 292 1385 1.
349 1338 497 1386 codex
554 1337 869 1385 Chisianus
908 1338 952 1384 R
991 1337 1062 1385 VI
1102 1339 1169 1385 43
1214 1331 1306 1404 (=
1349 1330 1410 1403 C)
1466 1353 1589 1386 saec,
1630 1333 1822 1401 XIJXII

133 1412 216 1460 fol.
253 1413 334 1459 93.
411 1411 539 1459 Vide
579 1427 728 1473 supra
765 1429 812 1474 p.
850 1414 916 1460 10
935 1427 1005 1473 sq.
1084 1410 1295 1459 Contuli.

246 1487 291 1533 2.
324 1486 697 1533 Monacensis
730 1502 807 1548 gr.
843 1487 948 1533 483
976 1479 1069 1551 (Ξ
1087 1479 1157 1551 A)
1188 1501 1309 1533 saec.
1337 1481 1600 1549 XIIIsXIV
1624 1485 1708 1533 fol.
1737 1487 1820 1534 39.

136 1559 261 1607 Vide
303 1574 451 1621 supra
488 1577 535 1621 p.
573 1561 638 1607 15
663 1575 732 1621 sq.
813 1558 1026 1607 Contuli.

249 1635 294 1682 3.
342 1633 674 1682 Vaticanus
714 1633 1034 1682 Palatinus
1074 1650 1150 1697 gr.
1186 1634 1289 1681 282
1323 1627 1416 1699 (=
1441 1626 1504 1700 P)
1548 1649 1670 1681 saec.
1704 1633 1822 1680 XIV

132 1707 214 1757 fol.
244 1709 370 1828 4234.
449 1707 576 1755 Vide
615 1723 765 1769 supra
802 1725 849 1770 p.
886 1710 955 1756 20
971 1723 1040 1770 sq.
1120 1705 1333 1755 Contuli.

244 1782 650 1829 4W1arcianus
676 1781 920 1843 append.
946 1781 1057 1829 XCI
1076 1775 1217 1848 2(=
1235 1775 1282 1847 I)
1301 1797 1424 1829 saec
1439 1781 1557 1829 XIV
1574 1782 1658 1829 fol.
1675 1762 1822 1829 26Ῠῆ

136 1854 264 1903 Vide
303 1871 458 1917 supra
491 1871 537 1917 p
572 1857 676 1902 217
693 1871 764 1917 sq
843 1854 1053 1903 Contuli.

246 1930 291 1976 5.
349 1927 899 1976 Cheltenhamensis
950 1930 1137 1977 10618
1192 1929 1278 1977 fol.
1321 1931 1405 1976 27.
1490 1928 1617 1976 Vide
1673 1943 1824 1990 supra

136 2019 182 2064 p.
218 2003 320 2050 282
337 2018 406 2065 sq.

242 2075 313 2124 At
363 2092 511 2139 quem
562 2092 843 2138 supremum
892 2077 1143 2128 nominavi
1192 2077 1275 2125 vix
1324 2075 1428 2124 veri
1478 2075 1663 2124 codicis
1714 2076 1822 2124 loco

132 2150 384 2198 habendus
424 2152 512 2211 est,
552 2151 734 2212 quippe
776 2151 860 2212 qui
899 2151 1092 2199 saeculo
1131 2150 1328 2198 demum
1358 2150 1503 2198 XVI]
1539 2151 1619 2199 vel
1650 2149 1827 2197 XVIII

135 2241 163 2271 a
194 2223 448 2273 Leonardo
480 2224 661 2272 Adami
693 2241 718 2271 e
749 2224 981 2277 Palatino
1014 2225 1288 2286 descriptus
1321 2224 1398 2272 sit.
1461 2224 1538 2272 Ex
1571 2222 1823 2286 apparatu

139 2298 296 2362 igitur
335 2298 505 2346 critico
547 2298 742 2347 exulare
779 2298 1021 2346 iubendus
1061 2301 1148 2346 est.
1162 2291 1202 2365 1)

244 2372 524 2420 Marcianus
556 2375 724 2420 autem
756 2389 813 2420 ex
846 2372 1016 2421 eodem
1047 2389 1144 2435 quo
1174 2372 1436 2420 Palatinus
1468 2371 1634 2420 codice
1665 2371 1823 2433 fluxit,

131 2447 191 2493 ut
229 2446 491 2509 singularis
541 2446 593 2493 in
642 2446 935 2496 lectionibus
983 2447 1295 2508 potissimum
1346 2447 1514 2508 pravis
1556 2460 1821 2494 consensus

132 2519 448 2568 demonstrat.
526 2518 728 2569 Codices
774 2520 1014 2568 secundae
1059 2520 1279 2568 familiae
1327 2520 1516 2568 desunt.
1596 2519 1822 2567 Necessi-

131 2593 320 2642 tudinis
365 2593 520 2656 igitur
559 2609 655 2656 quo
696 2594 944 2642 coniuncti
992 2596 1107 2642 sunt
1145 2593 1397 2642 vinculum
1440 2593 1534 2642 hoc
1577 2608 1635 2640 ex
1675 2595 1822 2640 stem-

132 2669 265 2714 mate
304 2660 472 2729 palam
508 2666 586 2716 fit:

105 2902 108 2904 ,
250 2854 292 2908 1)
324 2851 393 2895 De
425 2852 701 2909 apographo
732 2852 998 2910 Augustani
1030 2851 1206 2897 codicis
1237 2851 1468 2896 Peirescio
1501 2851 1560 2896 ab
1586 2850 1822 2908 Ehingero

131 2911 274 2956 misso
307 2910 363 2954 cf.
397 2923 538 2967 supra·
566 2926 612 2968 p.
640 2916 695 2956 19
713 2926 778 2968 sq.
