2090 3162
231 132 340 183 440
781 131 1005 174 LIBANII
1038 130 1258 174 ORATIO
1291 131 1352 173 XI

235 268 418 319 δοκεῖν
465 263 605 318 εἶναι
659 269 877 336 πολίτῃ,
931 275 1044 329 πῶς
1099 266 1164 318 οὐ
1220 267 1567 334 πανταχόθεν
1614 263 1825 331 ἕτοιμος
1869 266 1905 332 ἡ

235 356 551 423 συγγνώμη;
604 355 651 406 9.
683 353 772 407 καὶ
804 355 906 424 γὰρ
940 356 986 407 εἰ
1017 351 1117 421 μὲν
1148 350 1217 422 ἦν
1248 374 1341 422 μοι
1372 356 1614 423 χρήματα
1647 361 1902 421 χορηγεῖν

239 443 581 511 ἀποχρῶντα,
630 447 806 504 καλῶς
857 442 924 495 ἂν
964 437 1109 511 εἶχεν
1151 447 1278 504 ἴσως
1329 440 1546 503 ἐκείνως
1585 443 1645 494 τὸ
1689 442 1904 493 δίκαιον

236 532 468 583 σώσαντι
518 532 589 598 μὴ
632 532 729 583 τὸν
780 532 871 583 διὰ
921 539 1019 583 τοῦ
1071 533 1239 598 λόγου
1290 531 1556 582 κίνδυνον
1604 531 1898 599 αἱρεῖσθαι·

189 641 208 672 5
234 618 347 671 ἐπεὶ
388 616 447 671 δὲ
486 621 579 681 τὰς
617 618 804 690 ἐκείνω
844 619 944 686 μὲν
975 625 1048 690 τῷ
1080 620 1260 690 τρόπῳ
1302 620 1640 687 λειτουργίας
1671 617 1777 670 ὑπὸ
1809 625 1906 684 τῆς

242 709 418 775 Τύχης
450 706 748 776 ἀφῄρημαι,
786 708 868 759 δεῖ
901 707 964 759 δέ
991 727 1042 759 τι
1075 715 1315 775 φανῆναι
1347 704 1437 758 καὶ
1469 706 1637 758 αὐτὸν
1668 704 1908 774 φέροντα

232 803 295 864 τῆ
334 798 504 863 πόλει,
544 802 616 865 τῷ
650 797 805 867 φόβῳ
843 803 937 863 τῆς
977 803 1185 862 σιωπῆς
1217 795 1248 863 ἡ
1279 793 1404 863 περὶ
1435 795 1494 846 τὸ
1527 793 1706 861 λέγειν
1736 796 1907 862 τόλμα

233 885 332 951 τὴν
372 886 704 952 συγγνώμην
742 882 865 952 ε’χει.

190 995 208 1026 9
348 973 540 1025 10.οῑ
571 973 671 1042 μὲν
705 968 807 1025 οὖν
837 973 1029 1025 πολλοι
1060 981 1170 1024 τῶν
1202 970 1288 1024 ἐπὶ
1321 973 1420 1039 τὴν
1452 970 1715 1041 ἀκρόασιν
1746 971 1906 1038 ἡκόν-

143 1073 184 1116 R
206 1078 288 1117 278
321 1081 430 1114 των
468 1062 567 1129 τὴν
597 1062 696 1128 μὲν
726 1069 1012 1132 παροῦσαν
1047 1065 1052 1127 Ι
1087 1061 1258 1130 τύχην
1289 1068 1382 1129 τῆς
1411 1062 1619 1122 πόλεως
1652 1060 1906 1130 ὁρῶντες,

232 1158 325 1217 τῆς
374 1150 435 1202 δὲ
483 1151 703 1202 ἄνωθεν
750 1152 1074 1217 σεμνότητος
1121 1149 1287 1202 οὐδὲν
1327 1150 1531 1210 εἰδότες
1575 1148 1665 1200 καὶ
1702 1149 1767 1200 τὰ
1805 1145 1907 1214 μὲν

231 1239 628 1306 θαυμάζοντες,
675 1239 739 1290 τὰ
787 1238 846 1291 δὲ
893 1238 993 1291 οὐκ
1040 1231 1180 1290 εἶναι
1227 1239 1539 1306 νομίζοντες
1585 1239 1798 1289 οἴονταί
1839 1256 1906 1303 με

232 1335 330 1380 τοῦ
370 1326 640 1395 μεγέθους
673 1327 843 1389 εὐθὺς
873 1327 1113 1391 ἅψεσθαι
1145 1326 1235 1379 καὶ
1266 1334 1359 1394 τῆς
1397 1324 1458 1378 ἐν
1488 1325 1703 1387 τούτοις
1740 1325 1906 1394 ὑπερ-

233 1424 383 1484 οχῆς,
435 1416 614 1484 ὥσπερ
664 1415 753 1467 καὶ
805 1415 973 1467 αὐτὸν
1025 1415 1400 1482 ὁμολογοῦντα
1448 1422 1563 1476 τοῖς
1613 1410 1713 1482 μὲν
1757 1412 1908 1476 νέοις

166 1523 208 1556 15
234 1512 393 1556 νικᾶν
430 1505 531 1572 τὴν
567 1505 747 1571 πόλιν,
792 1512 907 1565 τοῖς
946 1503 1006 1555 δὲ
1052 1502 1296 1573 ἀρχαίοις
1334 1507 1610 1555 νικᾶσθαι.
1690 1502 1770 1554 11.
1821 1503 1907 1555 δεῖ

233 1591 297 1644 δέ
330 1611 395 1660 με
434 1590 615 1644 ἐκεῖνα
645 1593 911 1661 πρότερον
943 1589 1246 1653 ἀξιώσαντα
1276 1593 1487 1659 μνήμης
1519 1592 1700 1642 ἔπειτα
1731 1590 1906 1652 οὕτως

232 1680 368 1747 ὑπὲρ
423 1681 594 1732 τῶνδε
649 1679 844 1747 λέγειν,
906 1679 1044 1731 ὥστε
1107 1686 1348 1748 φανῆναι
1412 1681 1741 1747 συμφωνίαν
1793 1687 1906 1731 τῶν

232 1770 409 1820 ὄντων
446 1769 583 1838 πρὸς
619 1769 684 1820 τὰ
722 1769 886 1820 πάλαι
926 1772 1242 1819 καθεστῶτα
1281 1765 1370 1819 καὶ
1404 1767 1486 1820 ὅτι
1519 1759 1600 1828 οἷς
1631 1786 1692 1834 γε
1724 1765 1905 1819 ἐκεῖνα

230 1855 566 1926 προϋπῆρξε,
604 1854 694 1908 καὶ
733 1863 903 1908 ταῦτα
941 1856 1240 1924 ὀφείλεται,
1280 1855 1311 1923 ἡ
1354 1855 1413 1907 δὲ
1451 1862 1557 1907 νῦν
1596 1857 1906 1924 λαμπρότης

166 1965 209 1997 20
235 1944 334 1996 οὐκ
374 1944 478 1997 ἀπὸ
518 1946 786 2014 χειρόνων
824 1946 1063 2014 ἤρτηται.

346 2033 427 2084 12.
469 2031 620 2103 Πρὶν
659 2032 737 2101 δέ,
777 2033 834 2085 οἵ
867 2051 1012 2095 τινες
1046 2041 1252 2103 πρῶτοι
1283 2031 1544 2100 κατέσχον
1574 2032 1674 2100 τὴν
1705 2032 1906 2102 χώραν,

233 2119 466 2189 διδάξαι,
498 2121 621 2191 περὶ
653 2121 869 2190 φύσεώς
898 2140 955 2174 τε
985 2128 1079 2190 τῆς
1110 2121 1287 2191 χώρας
1315 2121 1404 2173 καὶ
1437 2119 1582 2182 ὅπως
1604 2115 1704 2186 μὲν
1728 2118 1908 2189 ἀέρων

233 2213 463 2278 εἴληχεν,
505 2210 650 2272 ὅπως
683 2206 742 2262 δὲ
775 2212 883 2279 ἔχει
914 2210 1051 2279 πρὸς
1081 2210 1379 2276 θάλατταν,
1419 2208 1564 2270 ὅπως
1595 2204 1655 2260 δὲ
1686 2207 1906 2260 ὑδάτων

353 2359 373 2396 1
411 2353 587 2411 ἕτοιμος
618 2354 682 2404 εἰς
713 2353 983 2426 συγγνώμην
1017 2356 1100 2398 Mo
1231 2358 1256 2396 3
1290 2353 1396 2403 ἰσως
1426 2348 1544 2410 εἶχεν
1579 2352 1788 2396 CBMCa
1803 2351 1908 2395 Mor

292 2411 398 2462 ἴσως
429 2425 504 2455 om
536 2415 619 2457 Mo
770 2416 795 2455 5
827 2411 909 2462 τὰς
939 2439 995 2445 —-
1029 2418 1053 2456 6
1086 2411 1139 2456 δέ
1169 2413 1344 2527 01119οα
1376 2415 1381 2467 Ι
1421 2369 1492 2455 ἐνχ
1501 2408 1659 2456 ἐκείνω
1692 2411 1774 2467 μὲν
1798 2412 1844 2454 Β

233 2476 258 2514 6
291 2471 370 2514 καὶ
410 2471 550 2515 αὐτὸν
583 2478 792 2527 φανῆναι
834 2471 1102 2516 UIBMoGa
1326 2469 1485 2527 ὴΜοῙ
1627 2473 1680 2512 10
1712 2469 1795 2525 τὴν
1828 2482 1904 2512 0111

230 2530 332 2573 Mor
358 2531 363 2584 Ι
392 2529 474 2584 μὲν
505 2530 677 2574 inserui
709 2543 733 2573 e
764 2530 965 2574 BMoGa
997 2531 1183 2573 auctore
1213 2475 1352 2573 Rem
1411 2533 1464 2571 12
1497 2528 1567 2585 με]
1602 2527 1712 2584 μετὰ
1743 2528 1845 2571 Mor

235 2593 288 2632 13
327 2587 537 2662 ἅψεσθαι
574 2589 736 2645 scripsi
775 2602 830 2632 ex
861 2590 895 2631 I
925 2588 975 2631 in
1006 2603 1096 2644 quo
1135 2590 1293 2632 tamen
1332 2603 1352 2631 ε
1389 2587 1439 2630 in
1477 2601 1552 2630 ras
1584 2587 1652 2630 m²
1715 2588 1903 2630 auctore

231 2647 300 2690 Re
376 2664 406 2690 α
449 2650 595 2691 ασθαι
625 2647 744 2703 reliq
744 2648 794 2690 ui
824 2646 934 2690 libri
965 2647 1056 2690 edd
1194 2651 1247 2690 15
1281 2644 1325 2691 δ’
1363 2647 1490 2690 UIM
1625 2650 1678 2688 17
1702 2653 1794 2689 τῶν
1816 2651 1902 2689 νῦν

234 2704 381 2749 ὄντων
442 2704 550 2749 obet
572 2662 744 2750 Mnemq
749 2705 791 2750 V
809 2709 893 2749 106
910 2704 1040 2762 (Coll.
1062 2707 1162 2778 102)
1201 2720 1311 2748 num
1333 2702 1608 2759 παρόντωνὶ)
1701 2709 1753 2748 19
1773 2701 1902 2759 ὀφεί-

230 2766 356 2808 λεται
396 2764 559 2820 scripsi
598 2778 701 2808 cum
733 2763 889 2808 Gasda
971 2762 1188 2821 ὠφείλετο
1227 2762 1335 2807 libri
1374 2763 1426 2819 (ὠ
1459 2777 1514 2807 ex
1547 2762 1568 2806 6
1608 2776 1708 2806 con·
1740 2764 1802 2807 M
1810 2761 1842 2818 ²)

233 2871 286 2909 21
320 2873 531 2924 κατεῖχον
554 2866 654 2910 Μο1·
681 2866 687 2925 Ι
723 2840 777 2881 γρ
801 2820 956 2925 πώλῗν
981 2868 1043 2911 Μ
1097 2865 1232 2911 πόλιν
1255 2865 1456 2910 BMoGa
1583 2871 1637 2909 22
1668 2881 1716 2909 τε
1746 2863 1795 2907 in
1825 2877 1902 2908 ras

231 2924 297 2968 1³⁴
346 2927 352 2981 1
392 2925 489 2982 τῆς]
523 2925 601 2968 καὶ
635 2926 699 2970 Ca
747 2927 753 2983 Ι
801 2884 892 2982 ἀὴρ
924 2925 1024 2968 Mor
