2090 3162
220 114 327 165 344
763 113 987 156 LIBANII
1020 113 1358 156 ORATIONES

216 252 397 318 πατρὸς
429 250 567 316 ’ἡμῶν
599 253 844 316 βασιλείου
877 260 961 300 τοῦ
995 253 1202 317 μεγάλου
1231 253 1372 318 λόγος
1403 252 1740 319 παραινετικὸς
1770 254 1892 319 πρὸς

216 326 331 384 τοὺς
370 325 527 387 νέους,
568 326 698 385 ὅπως
737 324 798 374 ἂν
839 325 885 384 ἐξ
925 325 1189 389 ἕλληνικῶν
1229 324 1490 388 ὠφελοῖντο
1530 327 1687 392 λόγων

331 403 433 448 245
497 393 769 465 αριστείδου
809 399 1143 466 πανηγυρικὸς
1182 399 1234 449 ἐν
1273 400 1451 458 κυζίκω
1490 399 1598 466 περὶ
1637 407 1722 448 τοῦ
1753 409 1889 450 ναοῦ.

328 474 554 522 Codicem
594 490 720 522 anno
765 476 905 522 1870
943 475 1145 535 inspexi.

330 551 411 596 37.
460 548 772 595 Parisinus
813 566 881 611 gr.
925 551 1065 596 2209
1107 549 1391 596 chartaceus
1430 550 1482 595 in
1521 550 1663 610 folio,
1710 550 1893 597 saeculi

129 559 182 595 ω

143 572 153 594 )
217 622 322 682 XV,
379 623 495 669 olim
553 622 935 670 Colbertinus
993 616 1183 688 (2152)
1241 622 1459 670 continet
1519 626 1631 684 post
1683 623 1892 670 Paulum

122 1884 178 1923 53

214 695 504 759 Aeginetam
562 691 667 762 (fol.
713 689 948 762 1—198)
1013 697 1113 743 alia
1174 711 1326 757 eaque
1388 696 1685 744 nitidissima
1745 714 1893 744 manu

216 772 398 831 Scripta
436 770 596 817 titulis
636 771 920 831 plerumque
960 769 1125 831 priva:

325 845 407 891 fol.
446 845 546 892 199
590 839 770 908 [ψόγος
811 839 981 908 ὀργῆς]

326 919 433 965 200
497 916 612 980 βοὸς
652 916 890 982 ἐγκώμιον

328 993 427 1038 201
495 990 742 1055 σύγκρισις
780 989 934 1055 ἀγροῦ
973 989 1054 1038 καὶ
1092 990 1275 1048 πόλεως

327 1067 429 1112 202
496 1060 751 1129 [ἔκφρασις
790 1064 975 1129 δρόμου
1014 1071 1110 1112 τῶν
1150 1060 1347 1129 ἡρώων]

495 1134 751 1202 [ἕκφρασις
791 1137 950 1203 ἑτέρας
989 1135 1206 1203 γραφῆς]

327 1215 457 1260 202V
497 1208 752 1277 [ἔκφρασις
790 1211 930 1276 ἔαρος
969 1217 1285 1279 συγγραφικῷ
1318 1208 1603 1278 χαρακτῆρι]

494 1282 751 1351 [ἕκφρασις
789 1281 1068 1350 καλανδῶν]

326 1362 457 1409 203V
497 1356 754 1425 [ἒκφρασις
795 1356 974 1424 μέθης]

494 1430 753 1498 [ἕκφρασις
793 1430 1030 1498 πολέμου]

327 1510 432 1556 204
497 1503 755 1572 [ἕκφρασις
794 1506 947 1571 αὐλῆς
985 1514 1071 1571 τῆς
1109 1506 1161 1556 ἐν
1199 1512 1263 1575 τῷ
1296 1503 1649 1576 βουλευτηρίῳ]

325 1583 455 1630 204γ
495 1578 592 1646 [ὅτι
622 1580 675 1630 τὸ
707 1585 933 1630 πλουτεῖν
965 1579 1146 1639 ἀδίκως
1176 1588 1262 1630 τοῦ
1293 1579 1529 1630 πένεσθαι
1568 1577 1891 1648 ἀθλιώτερον]

325 1656 428 1704 205
494 1652 626 1721 [περὶ
665 1651 845 1720 φίλων]

325 1730 455 1777 205v
495 1726 649 1794 [περὶ
687 1725 1052 1793 ἀπληστίας]
1129 1729 1240 1776 Des.
1283 1730 1365 1777 fol.
1409 1731 1551 1777 206¹&

321 1803 520 1865 Inspexi
559 1820 685 1852 anno
730 1805 883 1852 1880.

325 1878 407 1925 38.
462 1878 863 1925 Baroccianus
919 1894 988 1941 gr.
1029 1877 1142 1924 LVI
1189 1878 1474 1924 chartaceus
1530 1877 1722 1924 saeculo
1768 1877 1886 1924 XIV

209 1952 525 2014 neglegenter
558 1954 800 2012 exaratus,
834 1951 952 1998 olim
983 1951 1222 1998 Demetrii
1255 1951 1467 1999 Tribolis
1500 1950 1733 2012 Spartani
1763 1953 1889 1999 teste

207 2025 528 2086 inscriptione
559 2026 611 2072 in
650 2026 733 2074 fol.
761 2026 856 2072 87ν
886 2021 918 2087 ἡ
958 2024 1126 2089 βίβλος
1165 2021 1252 2087 ἥδέ
1290 2023 1417 2072 ἐστιν
1456 2022 1576 2087 ἐμοῦ
1615 2023 1886 2088 δημητρίου

208 2103 296 2146 τοῦ
351 2098 588 2163 τριβώλου
649 2098 1040 2162 πελοποννησίου
1098 2097 1150 2146 ἐκ
1204 2097 1442 2162 σπάρτης,
1507 2099 1726 2146 continet
1778 2100 1891 2159 post

210 2171 401 2233 Synesii
447 2173 683 2234 epistulas
731 2175 780 2220 et
826 2172 1070 2221 orationes
1118 2175 1167 2220 et
1205 2172 1629 2234 Pythagoreorum
1668 2171 1886 2219 carmina

319 2246 403 2293 fol.
447 2248 540 2294 27v
578 2244 630 2294 ἐκ
676 2253 773 2294 τῶν
818 2245 1043 2310 λιβανίου
1091 2244 1307 2310 διήγημα
1354 2243 1651 2310 δραματικὸν
1730 2244 1886 2308 Δηιά-

210 2336 378 2384 νειραν
417 2319 505 2383 τὴν
544 2318 714 2379 οἰνέως

321 2390 502 2457 ἕτερον·
576 2388 792 2452 Ἀκούεις
829 2389 987 2451 ἄνθος
1026 2391 1271 2441 ὑάκινθον

323 2463 504 2531 ἕτερον·
571 2463 732 2532 ’Έρως
770 2466 966 2515 ἅπτεται

321 2537 622 2598 ἀπολλώνιος
661 2540 948 2604 δομετιανῶ·
991 2533 1084 2606 (=
1122 2556 1195 2602 ep.
1239 2542 1308 2588 20
1346 2532 1586 2605 Hercher)

324 2614 390 2660 28
455 2612 680 2678 ι’σίδωρος
719 2611 910 2676 ὠφελίω
950 2620 1261 2679 γραμματικῶ
1303 2607 1397 2679 (-—··
1430 2613 1602 2662 Isidor.
1643 2612 1801 2660 Pelus.
1833 2611 1889 2660 II

210 2688 303 2747 42,
351 2702 450 2748 qua
495 2688 774 2735 continetur
813 2687 964 2736 etiam
1004 2687 1215 2748 epistula
1253 2686 1451 2734 Libanii
1490 2685 1697 2749 ι’ωάννη·
1746 2684 1886 2744 δεξά-
1976 2685 1979 2686 ’

210 2759 354 2822 μενός
393 2774 482 2808 σου
521 2759 606 2810 τὸν
643 2760 789 2826 λόγον
827 2761 858 2807 i.
892 2777 931 2808 e.
972 2777 1045 2823 ep.
1089 2753 1254 2826 1576)

322 2835 417 2882 29¹⁷
454 2831 698 2882 ἐπιστολαὶ
744 2832 998 2898 ἀμοιβαῖαι
1043 2841 1129 2882 τοῦ
1175 2831 1355 2898 πατρὸς
1381 2826 1451 2899 (P)
1502 2839 1662 2894 σοφοῦ
1695 2869 1883 2880 .....

211 2901 504 2971 [βασιλείου]
543 2905 624 2955 καὶ
664 2907 888 2971 λιβανίου
926 2914 1012 2956 τοῦ
1053 2913 1290 2968 σοφιστοῦ
