2090 3162
238 125 344 177 372
779 123 1003 166 LIBANH
1036 123 1257 168 ORATIO
1291 124 1374 167 vn

351 264 579 311 Codicum
623 264 1025 311 scholasticorum
1065 257 1134 329 (s)
1176 264 1296 311 satis
1337 263 1430 311 erit
1476 265 1700 312 attulisse
1747 267 1920 313 testem

237 356 389 385 unum
404 338 709 384 Marcianum
735 337 940 399 append.
959 336 1096 384 XCII
1119 341 1144 385 7
1161 331 1230 403 (n.
1247 332 1339 403 46)
1360 331 1438 403 (Ξ
1453 332 1572 403 Ma).
1613 338 1705 394 Qui
1729 341 1785 386 ub
1811 355 1919 386 cum

241 412 402 459 codice
443 411 712 459 Bai-berino
746 405 834 477 (Β)
876 411 938 458 ad
979 412 1303 473 archetypum
1342 412 1559 459 familiae
1599 428 1622 460 c
1661 413 1918 460 restituen-

243 487 357 532 dum
397 485 594 545 sufficit,
634 487 706 532 ita
746 486 891 532 alteri
930 485 1149 533 familiae
1183 478 1257 551 (b)
1299 487 1738 547 repraesentandae
1776 502 1919 548 pares

243 562 356 606 suni
388 559 575 606 codices
612 558 868 606 Chisianus
897 554 998 625 (O),
1037 560 1358 622 Augustanus
1386 553 1493 625 (A),
1533 560 1791 608 Palatinus
1818 554 1918 626 (P).

240 633 452 680 Urbinas
494 626 585 699 (U)
636 633 715 680 hic
768 649 959 694 quoque
1005 633 1336 681 recensionem
1376 649 1433 680 ex
1471 635 1677 695 utraque
1729 634 1921 681 familia

239 708 445 754 mixtam
477 707 693 768 praebet.
734 707 812 753 Ad
843 707 1048 754 eundem
1081 708 1268 755 fontem
1290 706 1418 754 redit
1442 707 1719 755 Marcianus
1745 707 1854 755 XCI
1874 711 1920 768 2,

243 782 325 828 sed
364 797 516 827 manu
553 782 703 831 tertia
743 798 766 827 e
807 781 969 828 codice
1010 781 1299 828 scholastico
1340 783 1581 829 correctus
1621 783 1706 829 est.

351 855 653 902 Testimonia
693 855 884 902 desunt.
1192 895 1194 898 ,

351 928 518 976 Editio
571 930 799 990 princeps
855 929 1179 976 Ferrariensis
1235 922 1341 994 (fol.
1385 923 1513 994 246)
1571 923 1663 995 (=
1698 923 1838 995 Ferr)
1895 946 1919 976 e

242 1002 405 1050 codice
446 1003 735 1050 scholastico
783 1003 945 1063 fiuxit3
986 1003 1124 1050 cuius
1163 1005 1351 1050 textum
1391 1003 1623 1051 Morellus
1665 998 1758 1067 (=
1788 997 1918 1069 Mor)

239 1078 409 1138 paucis
449 1077 567 1124 locis
604 1093 702 1124 non
735 1093 758 1123 e
793 1077 955 1124 codice
993 1104 1054 1109 —
1090 1093 1206 1124 nam
1237 1077 1288 1123 in
1318 1076 1543 1124 Parisino
1576 1093 1646 1139 gr.
1676 1078 1794 1137 963,
1835 1078 1921 1139 qui

242 1153 286 1197 ei
324 1152 376 1197 in
416 1151 638 1198 oracione
662 1150 734 1196 VI
772 1152 968 1212 praesto
1010 1153 1137 1210 erat,
1185 1150 1320 1198 deest
1359 1177 1429 1182 —
1470 1151 1552 1198 sed
1601 1151 1918 1199 coniectando

242 1226 511 1271 correctum
542 1225 744 1285 praebet
774 1227 809 1272 t.
842 1224 867 1270 I
897 1241 943 1286 p.
979 1226 1264 1272 939—941
1288 1218 1345 1290 1),
1376 1225 1600 1286 pluribus
1632 1225 1751 1273 locis
1784 1225 1919 1272 Reis-

240 1299 350 1345 kius
392 1291 484 1364 (=
517 1291 611 1364 Re)
651 1313 766 1346 usus
807 1298 970 1346 codice
1009 1300 1314 1362 Augustano.

363 1486 403 1539 1)
436 1483 503 1526 De
537 1484 634 1528 eius
667 1484 875 1528 versione
906 1483 1057 1527 lassina
1090 1483 1146 1526 cf.
1181 1497 1320 1540 supra
1352 1499 1396 1539 p.
1424 1488 1522 1527 352.
