2090 3162
239 147 346 198 492
791 145 1018 188 LIBANII
1051 143 1273 189 ORATIO
1306 143 1369 187 XI

240 280 472 349 ἑκάστην
510 283 673 333 πόλιν
711 280 1136 348 ὑπολειπόμενοι
1176 279 1293 347 μέν,
1341 287 1641 348 φοιτῶντες
1689 277 1750 331 δὲ
1788 278 1913 348 παρ’

239 371 376 437 ἡμᾶς
422 369 709 437 ἐπιδημίας
756 371 900 441 λόγῳ
949 370 1095 438 παρὰ
1140 370 1366 430 πολίτας
1405 376 1653 436 φοιτῶσι.
1729 369 1924 420 τοσού-

239 479 353 520 τοις
386 458 821 526 ἐντυγχάνουσιν
851 457 1069 510 ἕκαστοι
1095 458 1279 525 <τοῖς>
1303 465 1397 525 τῆς
1429 457 1625 509 αὑτῶν.
1684 456 1802 510 166.
1834 457 1924 509 καὶ

241 548 306 614 δὴ
347 548 435 598 καὶ
470 552 628 608 εἴτις
660 548 885 614 γνώμην
917 548 1030 615 ἔχοι
1062 547 1163 613 τὴν
1193 553 1299 613 γῆν
1331 544 1540 597 ἐπιέναι
1578 544 1771 614 κέρδος
1803 563 1924 597 ποι-

197 656 215 688 5
240 636 474 701 ούμενος
521 635 586 686 οὐ
626 636 727 702 τὴν
766 636 898 698 ὄψιν
936 643 1048 686 τῶν
1085 637 1318 702 πόλεων,
1367 633 1503 686 ἀλλὰ
1539 635 1639 701 τὴν
1677 634 1927 702 μάθησιν

238 734 349 776 τῶν
379 722 506 792 παρ’
547 722 795 786 ἑκάστοις
826 725 1063 793 τρόπων,
1095 724 1271 795 τούτῳ
1310 724 1411 790 τὴν
1441 723 1657 790 πλάνην
1694 722 1727 789 ἡ
1766 724 1925 784 πόλις

239 812 555 882 ἀφαιροῦσα
599 814 700 880 τὴν
740 813 990 879 σπουδὴν
1035 815 1249 881 πληροῖ.
1324 814 1638 879 καθήμενος
1683 811 1786 879 γὰρ
1836 810 1926 863 ἐπὶ

239 908 332 968 τῆς
381 899 643 970 ἡμετέρας
692 901 896 969 ἀγορᾶς
942 901 1019 962 εἰς
1066 896 1275 968 ἁπάσης
1313 902 1524 962 πόλεως
1562 907 1760 967 πεῖραν
1799 898 1926 967 ἀφί-

239 988 404 1051 ξεται’
437 990 723 1052 τοσούτοις
753 998 869 1051 τοῖς
902 987 1271 1058 ἑκασταχόθεν
1305 986 1619 1050 διαλέξεται.
1683 987 1801 1039 167.
1833 986 1926 1039 καὶ

172 1099 213 1131 10
239 1078 305 1130 οὐ
345 1086 460 1140 τοῖς
497 1079 703 1146 ταύτην
743 1077 1148 1147 ἀνθῃρημένοις
1186 1086 1281 1145 τῆς
1320 1077 1504 1129 αὑτῶν
1537 1078 1615 1138 εἰς
1646 1074 1926 1142 ἐλάττωμα

148 1179 295 1222 R327
328 1165 570 1236 κέκριται
619 1167 679 1219 τὸ
716 1164 722 1237 Ι
757 1167 828 1234 μὴ
879 1167 980 1234 τὴν
1030 1166 1212 1219 αὑτῶν
1263 1167 1452 1233 οἰκεῖν,
1503 1163 1617 1218 ἀλλ’
1667 1165 1724 1217 οἰ
1764 1184 1924 1217 κατα-

237 1256 521 1323 μείναντες
571 1260 715 1308 οἴκοι
752 1256 986 1317 τούτους
1037 1258 1327 1322 ζηλοῦντες
1377 1254 1564 1316 αὑτοῖς
1605 1253 1927 1321 ἐπιτιμῶσιν

238 1343 303 1395 οὐ
365 1351 706 1410 μεταστᾶσιν.
799 1343 942 1396 οὕτω
997 1344 1157 1411 κοινὴ
1213 1344 1475 1412 μετουσία
1528 1351 1639 1395 τῶν
1694 1341 1927 1408 ἀγαθῶν

236 1433 366 1501 τῇδε
397 1434 697 1502 πρόκειται.
758 1431 851 1484 καὶ
884 1432 943 1484 οἵ
970 1451 1027 1484 τε
1064 1431 1211 1495 ξένοι
1245 1430 1573 1501 στέργουσιν
1604 1430 1676 1492 ὡς
1715 1431 1926 1484 οἰκείαν

170 1541 212 1574 15
235 1521 307 1588 ἣν
347 1521 467 1573 ἀντὶ
505 1529 600 1589 τῆς
640 1522 844 1583 οἰκείας
884 1521 1116 1587 εἵλοντο,
1157 1521 1216 1572 οἵ
1250 1539 1308 1572 τε
1345 1523 1566 1572 πολῖται
1601 1528 1712 1571 τῶν
1751 1518 1926 1582 ξένων

238 1609 340 1662 οὐκ
393 1608 609 1672 ἀξιοῦσι
661 1613 1027 1676 πλεονεκτεῖν,
1082 1606 1201 1660 ἀλλ’
1247 1607 1536 1671 ἀσπάζεται
1585 1609 1682 1670 τὰς
1732 1606 1926 1676 ἀρετὰς

236 1707 347 1750 τῶν
393 1696 749 1751 ἐπελθόντων
795 1698 975 1766 ὥσπερ
1024 1696 1209 1765 ἀμέλει
1254 1697 1349 1758 τὰς
1394 1704 1505 1748 τῶν
1544 1694 1802 1763 ἐκγόνων,
1841 1716 1923 1764 μι-

236 1785 481 1855 μουμένη
520 1786 626 1839 κάν
663 1787 840 1858 τούτῳ
872 1788 1003 1848 τοὺς
1026 1784 1370 1853 Ἀθηναίους.
1437 1784 1555 1836 168.
1598 1785 1778 1853 ὥσπερ
1818 1785 1924 1854 γὰρ

237 1873 439 1927 ἐκεῖνοι
476 1883 592 1937 τοῖς
630 1873 690 1927 ἐκ
731 1876 926 1927 Πύλου
965 1873 1277 1942 μετέδωκάν
1313 1893 1372 1926 τε
1410 1883 1520 1926 τῶν
1551 1874 1700 1942 παρὰ
1731 1875 1926 1940 σφίσιν

170 1985 214 2018 20
237 1962 423 2032 ἀρχῶν
461 1961 552 2015 καὶ
591 1961 679 2015 ἐπὶ
718 1971 830 2015 τῶν
868 1965 1140 2031 μεγίστων
1179 1961 1502 2031 ἐχρήσαντο,
1551 1962 1726 2024 οὕτως
1770 1962 1927 2030 ἡμεῖς

357 2141 411 2181 18
442 2137 549 2181 Her.
574 2137 616 2180 V
641 2141 696 2181 65
758 2137 897 2184 Paus,
917 2137 960 2180 Π
987 2141 1056 2191 18,
1081 2141 1107 2180 9

357 2304 380 2342 1
413 2297 746 2356 ὑπολιπόμενοι
773 2301 810 2344 Ο
838 2299 919 2343 sed
950 2315 996 2343 οι
1027 2312 1167 2355 supra,
1199 2316 1215 2342 ι
1247 2312 1331 2342 scr.
1364 2311 1399 2352 s,
1427 2298 1521 2342 ΑΡ
1540 2298 1630 2351 Re,
1667 2298 1791 2353 quod
1824 2311 1923 2341 cor—

236 2358 357 2401 rexit
397 2358 600 2402 Sintenis
693 2357 1051 2414 ἀπολειπόμενοι
1085 2358 1211 2402 Mea
1368 2362 1393 2399 2
1434 2354 1754 2411 παραπολίτας
1792 2357 1877 2401 Mo
1911 2358 1916 2415 Ι

235 2417 467 2462 τοσούτων
500 2417 585 2462 Mo
721 2422 747 2461 3
777 2424 874 2467 τοῖς
902 2423 984 2473 τῆς
1015 2417 1179 2473 scripsi
1215 2415 1317 2460 coll.
1350 2415 1380 2458 1.
1414 2419 1439 2458 9
1511 2423 1608 2465 τοῖς
1650 2416 1923 2461 UIBMoOa

237 2477 300 2519 M
326 2476 407 2519 sed
438 2477 488 2519 in
518 2476 607 2520 hoc
638 2493 683 2520 οι
713 2477 764 2520 in
793 2489 868 2520 ras
940 2482 1021 2532 τῆς
1050 2475 1220 2531 reliqui
1249 2474 1360 2518 libri
1392 2474 1482 2518 edd
1608 2480 1636 2516 4
1668 2491 1712 2518 οι
1742 2474 1792 2517 in
1825 2474 1922 2532 ἔχοι

235 2535 286 2578 in
316 2549 392 2579 ras
415 2536 451 2578 I
456 2534 473 2559 ²
548 2535 641 2592 ἔχει
682 2535 936 2581 ΠΜΜοΟα
1071 2540 1096 2578 5
1129 2534 1202 2591 οὐ]
1236 2534 1303 2584 εἰς
1335 2534 1400 2578 Ga
1528 2538 1553 2576 6
1585 2531 1759 2588 τρόπον
1791 2533 1877 2578 Mo
1911 2533 1917 2592 Ι

236 2594 413 2638 τούτων
439 2594 524 2637 Mo
653 2598 707 2638 10
739 2593 917 2638 ἑαυτῶν
940 2595 976 2637 Ι
1045 2594 1197 2637 αὐτῶν
1231 2593 1296 2638 Ga
1425 2596 1476 2635 11
1511 2593 1664 2636 αυτῶν
1703 2592 1921 2637 UBMOa

237 2654 285 2696 et
322 2653 371 2696 in
404 2653 556 2696 αὑτῶν
589 2665 690 2696 corr
719 2654 755 2696 Ι
761 2653 778 2678 ²
925 2657 978 2696 16
1011 2653 1096 2696 οὐκ
1129 2653 1176 2696 et
1207 2658 1311 2695 ιοῦσ
1340 2651 1389 2694 in
1421 2651 1603 2703 ἀξιοῦσι
1633 2651 1681 2694 in
1713 2663 1787 2694 ras
1818 2651 1854 2693 I
1867 2651 1884 2675 ²
1909 2651 1916 2709 Ι

236 2709 334 2755 ἀλλ’
372 2713 420 2756 et·
457 2710 632 2763 ἀσπάζε
669 2712 720 2754 in
751 2710 1004 2763 ἀσπάζεται
1041 2711 1091 2754 in
1121 2725 1196 2754 ras
1227 2709 1286 2753 1²
1361 2710 1475 2753 ἀλλὰ
1506 2711 1591 2755 Mo
1734 2713 1788 2752 17
1819 2715 1923 2759 ταῖς

237 2771 323 2815 Mo
364 2770 370 2826 Ι
413 2787 440 2813 κ
470 2771 520 2812 in
557 2768 761 2827 ἐκγόνων
791 2771 842 2814 in
871 2782 947 2813 ras
971 2769 1044 2814 Ρ2
1115 2767 1317 2827 ἐγγόνων
1348 2770 1394 2813 Α
1418 2768 1484 2812 Re
1568 2768 1625 2812 cf.
1657 2749 1776 2812 Piat.
1808 2767 1916 2824 Leg

236 2828 299 2872 ΠΙ
330 2833 416 2873 595
439 2829 481 2872 A
518 2827 736 2886 τραχείας
776 2830 929 2903 χώρας
966 2827 1172 2885 ἐκγόνων
1314 2831 1369 2871 18
1408 2822 1499 2871 κόὶν
1531 2827 1599 2871 Re
1674 2827 1726 2872 ἐν
1756 2826 1858 2869 Μοι·

238 2885 551 2990 ἒῗτξξοέἱρῖοτῦ
558 2888 643 2932 Mo
692 2890 698 2944 Ι
747 2887 804 2932 τὰ
840 2894 933 2932 τῶν
966 2889 1051 2932 Mo
1201 2891 1257 2930 20
1290 2904 1314 2938 ς
1346 2886 1395 2930 in
1436 2873 1580 2936 ὁῧτως
1617 2885 1667 2929 in
1696 2898 1772 2928 ras
1802 2883 1860 2927 Ι2
