2090 3162
153 291 208 328 46

149 1987 206 2025 47

242 141 347 192 338
763 141 987 183 LIBANH
1022 140 1359 184 ORATioNEs

357 282 438 327 31.
493 280 832 328 Marcianus
889 281 1130 342 append.
1176 280 1315 327 XCII
1359 283 1385 326 7
1445 275 1584 346 (olim
1638 282 1806 330 classis
1845 282 1916 330 XI

241 354 389 402 codex
442 347 514 419 Π)
572 354 852 401 chartaceus
907 356 1092 401 formae
1153 355 1262 401 folii
1315 355 1516 402 minoris
1579 356 1771 403 saeculo
1826 356 1917 402 XV

240 429 532 475 nitidissime
585 430 834 487 exaratus,
885 428 967 475 sed
1006 428 1134 474 male
1173 429 1385 487 habitus,
1436 428 1554 474 olim
1592 429 1916 476 bibliothecae

241 502 461 550 coenobii
502 501 584 548 SS.
625 501 865 549 Ioannis
913 504 969 548 et
1007 502 1181 548 Pauli
1221 502 1368 549 codex
1407 517 1607 564 graecus
1646 496 1766 568 Xl),
1806 518 1918 550 con-

239 578 367 623 tinet
405 578 516 636 post
554 575 737 636 Aesopi
776 575 928 622 vitam
970 578 1018 622 et
1057 576 1271 635 fabulas,
1311 575 1552 636 Apthonii
1589 576 1916 640 Progymnas-

239 653 388 709 mata,
420 649 742 712 Hermogenis
782 647 889 712 περὶ
928 647 1157 714 εὑρέσεως
1197 664 1305 696 cum
1346 650 1555 710 scholiis,
1589 650 1914 712 Theophrasti

244 723 570 783 Characteres‚
608 723 837 784 Dionysii
875 723 1032 770 Halic.
1074 724 1132 770 de
1172 739 1382 784 compos.
1421 724 1681 771 verborum

350 798 432 844 fol.
469 798 572 843 174
607 794 658 844 ἐκ
689 803 784 843 τῶν
815 796 1272 861 προγυμνασμάτων
1302 797 1545 861 λιβανίου·
1579 797 1736 862 ψόγος
1769 795 1916 863 ὀργῆς

354 871 454 918 175
517 870 635 935 βοὸς
672 869 912 934 ἐγκώμιον

354 947 483 993 175V
522 943 771 1009 σύγκρισις
810 942 962 1009 ἀγροῦ
1002 942 1081 992 καὶ
1122 944 1306 1002 πόλεως

354 1020 453 1066 176
519 1017 751 1083 ἕκφρασις
799 1018 984 1083 δρόμου
1023 1026 1119 1066 τῶν
1158 1015 1333 1083 ἡρώων

798 1090 959 1157 ἑτέρας
997 1099 1193 1158 γραφῆς

355 1168 482 1214 17ssv
802 1165 941 1231 ἔαρος
981 1171 1295 1234 συγγραφικῷ
1330 1173 1591 1231 χαρακτῆρι

796 1240 1053 1288 καλανδῶν

354 1316 379 1361 1
393 1317 419 1361 7
429 1316 455 1360 7
801 1311 959 1377 μέθης

796 1386 1011 1451 πολέμου

353 1463 481 1509 177v
801 1459 955 1525 αὐλῆς
993 1468 1079 1525 τῆς
1117 1461 1170 1510 ἐν
1208 1466 1272 1530 τῷ
1305 1462 1636 1532 βουλευτηρίῳ

519 1533 590 1582 ὅτι
629 1534 680 1584 τὸ
720 1538 947 1583 πλουτεῖν
994 1533 1175 1593 ἀδίκως
1213 1542 1300 1584 τοῦ
1338 1534 1575 1584 πένεσθαι
1613 1534 1916 1602 ἀθλιώτερον

354 1610 455 1656 178
518 1606 626 1673 περὶ
670 1608 857 1671 φίλων

352 1683 481 1730 178v
519 1689 618 1730 τοῦ
659 1681 840 1731 αὐτοῦ
879 1681 1010 1748 περὶ
1049 1681 1385 1746 ἀπληστίας.

349 1756 581 1818 Sequitur
618 1757 701 1804 fol.
739 1759 841 1805 179
882 1758 1057 1805 titulus
1089 1757 1432 1822 πρεσβευτικὸς
1462 1756 1584 1823 πρὸς
1616 1757 1730 1817 τοὺς
1760 1765 1915 1824 τρῶας

238 1827 359 1896 ὑπὲρ
398 1837 484 1894 τῆς
522 1827 687 1893 ἕλε’νης
727 1829 954 1893 μενέλαος
993 1832 1095 1879 sine
1135 1832 1501 1880 declamatione.

350 1904 643 1952 Examinavi
682 1907 730 1952 et
770 1903 843 1952 ὅτι
881 1904 932 1954 τὸ
973 1908 1198 1954 πλουτεῖν
1237 1906 1423 1954 contuli
1462 1922 1591 1954 anno
1634 1907 1789 1954 1870.

352 1979 433 2026 32.
485 1978 817 2026 Vaticanus
877 1995 945 2042 gr.
990 1981 1090 2027 113
1145 1980 1427 2028 chartaceus
1477 1980 1663 2028 formae
1713 1981 1915 2028 octavae

239 2052 432 2099 saeculo
470 2052 560 2098 XV
599 2069 698 2099 una
736 2069 885 2100 manu
925 2055 1166 2116 exaratus,
1205 2055 1291 2115 qui
1331 2053 1526 2115 quando
1565 2055 1617 2100 in
1655 2053 1915 2101 bibliothe-

238 2141 345 2173 cam
383 2125 679 2173 Vaticanam
716 2125 885 2174 illatus
926 2128 1013 2187 sit,
1061 2128 1303 2175 incertum
1349 2130 1422 2175 est
1433 2121 1493 2187 2),
1540 2128 1758 2175 continet
1803 2128 1916 2188 post

237 2205 323 2247 τοῦ
359 2200 486 2262 Φιλῆ
526 2198 594 2257 εἰς
625 2198 709 2248 τὸν
740 2203 1004 2263 καταπαθῆ
1043 2200 1220 2265 λωβόν,
1251 2200 1372 2249 Βίον
1395 2199 1651 2264 Αἰσώπου,
1674 2199 1914 2248 Αἰσώπου

238 2271 458 2336 μύθους,
506 2272 832 2332 Πλανούὸους
877 2271 987 2339 περὶ
1032 2281 1391 2339 γραμματικῆς,
1440 2274 1704 2340 παροιμίας
1749 2276 1913 2322 συλλε-

238 2345 399 2410 γείσας
436 2345 568 2411 παρὰ
599 2354 684 2395 τοῦ
717 2344 984 2412 ἁγιωτάτου
1016 2347 1313 2413 πατριάρχου
1344 2354 1498 2413 κυροῦ
1529 2347 1796 2414 γρηγορίου
1827 2354 1916 2395 τοῦ

238 2419 451 2484 κυπρίου
489 2419 617 2468 κατὰ
648 2418 935 2485 ἀλφάβητον

347 2493 460 2540 inde
502 2510 530 2540 a
567 2494 652 2542 folx
679 2495 743 2542 91
781 2492 1020 2542 εὐναπίου
1058 2493 1111 2543 ἐκ
1148 2501 1234 2543 τοῦ
1271 2494 1466 2559 βιβλίου
1503 2501 1590 2543 τοῦ
1627 2493 1914 2560 ἐπιγεγραμ-

239 2564 388 2629 μένου
427 2566 526 2630 βίοι
565 2575 813 2630 σοφιστῶν

351 2641 418 2687 92
481 2640 705 2704 λιβανίου
756 2648 994 2703 σοφιστοῦ
1042 2640 1382 2707 πρεσβευτικὸς
1429 2640 1552 2707 πρὸς
1599 2640 1714 2700 τοὺς
1759 2647 1915 2707 τρῶας
1968 2693 1971 2697 ,

239 2709 361 2779 ὑπὲρ
399 2719 486 2777 τῆς
525 2711 708 2777 ἕλένης·
749 2713 977 2779 μενέλαος

359 2827 401 2882 1)
431 2823 595 2868 Nuova
626 2823 850 2869 Raccolta
881 2825 1137 2883 d'opuscoli
1167 2825 1419 2872 scientifici
1450 2839 1475 2870 e
1513 2825 1734 2884 filologici
1764 2827 1796 2869 t.
1829 2824 1915 2868 XX

239 2881 461 2940 (Venezia
494 2886 625 2940 1770)
655 2899 700 2940 p.
729 2888 826 2928 179.
889 2884 955 2928 Cf.
989 2897 1130 2942 supra
1158 2900 1204 2941 p.
1231 2889 1315 2929 217
1346 2887 1440 2929 not.
1470 2890 1508 2928 1.

358 2944 401 2998 2)
417 2942 469 2984 In
491 2942 646 2986 indice
661 2942 989 3000 Rehdigerano
1007 2943 1162 3000 Serap.
1180 2943 1265 2988 XII
1279 2959 1324 3000 p.
1345 2947 1429 2987 148
1447 2945 1518 2988 est
1532 2958 1576 2989 n.
1596 2948 1620 2987 7
1625 2948 1664 2987 2.
1698 2942 1763 2988 cf.
1781 2957 1826 2999 p.
1840 2947 1910 2986 44.
