2090 3162
244 145 351 196 462
797 144 1024 187 LIBANII
1057 143 1278 187 ORATIO
1312 144 1374 186 XI

243 279 330 332 ἐπὶ
382 286 455 351 τῷ
501 279 640 331 τέλει
691 289 802 331 τῶν
852 280 1187 348 πραγμάτων
1226 280 1392 347 τήνδε
1432 278 1552 332 ἀντὶ
1591 287 1686 347 τῆς
1726 281 1928 343 οἰκείας

243 370 535 437 αἱρήσεται.
602 368 683 419 77.
726 375 950 420 τοιαῦτα
990 369 1057 436 δὴ
1089 370 1352 437 προοίμια
1383 375 1476 436 τῆς
1508 370 1755 430 οἰκίσεως
1794 367 1928 438 ᾄσας

240 456 331 509 καὶ
371 461 541 508 τελῶν
572 457 702 524 ἡμῖν
735 459 812 518 εἰς
844 457 1084 518 οἰκιστὰς
1115 455 1143 508 ὁ
1177 463 1274 508 τοῦ
1308 457 1445 518 Διὸς
1476 466 1603 518 παῖς
1635 459 1926 524 λεγόμενός

241 565 296 597 τε
336 545 424 596 καὶ
464 545 875 611 πιστωσάμενος
913 553 1027 606 τοῖς
1067 546 1248 613 ἔργοις
1278 546 1380 612 τὴν
1413 547 1600 613 φήμην
1631 546 1794 607 αὐτὸς
1825 543 1927 614 μὲν

198 655 215 685 5
242 634 313 694 ὡς
352 634 449 684 τὸν
488 632 650 685 τοκέα
696 634 796 700 τὴν
841 635 1102 701 ταχίστην
1147 634 1412 699 μεταστὰς
1460 634 1561 686 οὐκ
1608 631 1728 702 ἔσχε
1774 633 1928 696 τέλος

239 721 514 774 ἐπιθεῖναι
551 729 625 793 τῷ
656 723 836 793 πόθῳ·
879 721 906 773 ὁ
941 720 988 773 δ’
1029 720 1241 774 ἐκεῖνον
1275 720 1678 790 διαδεξάμενος,
1717 727 1929 791 μᾶλλον

240 809 289 861 δ’
323 809 383 862 ἐν
406 814 632 872 πολλοῖς
666 811 943 879 διαδόχοις
976 813 1146 878 μόνος
1178 809 1328 873 ἄξιος
1358 818 1452 879 τῆς
1483 809 1697 864 ἐκείνου
1729 810 1927 874 τάξεως

237 900 596 967 κληρονόμος,
622 898 897 961 Σέλευκος
929 897 1043 951 ἀντ’
1066 897 1423 969 Ἀλεξάνδρου
1448 908 1512 969 τῇ
1537 902 1693 952 πόλει
1717 902 1926 967 γίνεται

236 988 337 1054 τὴν
384 986 556 1056 ἀρχὴν
603 986 956 1057 ἀνδραγαθία
1001 988 1338 1055 κτησάμενος
1383 989 1473 1041 καὶ
1519 991 1790 1058 πρότερον
1835 989 1925 1041 καὶ

173 1098 214 1129 10
241 1077 516 1145 δεύτερον.
552 1076 634 1127 78.
655 1069 737 1138 οἷς
761 1076 862 1144 μὲν
879 1077 982 1144 γὰρ
1009 1075 1299 1145 ἐβοήθησε,
1316 1077 1547 1139 τούτους
1571 1086 1682 1130 τῶν
1706 1075 1927 1146 ἐχθρῶν

236 1166 452 1230 μείζους
491 1163 770 1232 ἐποίησεν·
812 1164 910 1226 οὓς
950 1161 1010 1216 δὲ
1050 1163 1308 1232 ἐποίησεν
1341 1166 1618 1235 ἰσχυρούς,
1658 1165 1766 1218 ὑπὸ
1799 1167 1925 1218 τού-

237 1273 348 1305 των
395 1252 802 1320 ἐπεβουλεύετο.
888 1253 1089 1315 σωθεὶς
1145 1250 1205 1305 δὲ
1259 1252 1318 1306 ἐκ
1363 1253 1528 1322 μέσης
1573 1262 1668 1322 τῆς
1712 1252 1920 1362 πάγηςὶ

147 1355 187 1397 R
206 1359 290 1397 298
321 1342 490 1396 πάλιν
521 1341 727 1412 ἑτέροις
757 1344 988 1410 βοηθῶν
1019 1341 1367 1409 ἐθαυμάζετο.
1414 1344 1597 1412 τυχὼν
1629 1343 1690 1395 δὲ
1713 1344 1925 1396 τούτων

236 1432 466 1483 δικαίων
518 1429 578 1483 ἐν
627 1437 700 1502 τῷ
745 1430 896 1499 μέρει
947 1431 1048 1499 τὴν
1096 1431 1259 1501 χάριν
1310 1430 1705 1499 ἀπελάμβανεν.
1781 1432 1813 1500 ἡ
1863 1429 1924 1484 δε

170 1541 211 1573 15
235 1519 391 1589 χάρις
428 1515 497 1586 ἧν
535 1521 871 1585 κομίσασθαι
909 1526 1080 1571 ταῦτα
1131 1514 1211 1572 ὧν
1258 1518 1508 1582 ἐξέπεσεν
1548 1519 1924 1589 ἀδικούμενος.

238 1606 360 1659 79.‘
339 1628 367 1660 0
386 1607 658 1669 Σέλευκος
683 1609 786 1677 γὰρ
814 1608 906 1659 διὰ
932 1627 1033 1674 μεν
1058 1607 1369 1676 εὐψυχίαν
1357 1608 1624 1678 ι’ππαρχος
1647 1609 1756 1662 ὑπὸ
1777 1599 1921 1678 Περ-

237 1697 429 1748 δίκκου
485 1697 719 1764 γίνεται,
772 1696 1087 1764 Περδίκκου
1144 1693 1205 1748 δε
1259 1694 1321 1749 ἐν
1361 1697 1622 1767 Αἰγύπτῳ
1673 1700 1922 1766 τελευτή-

239 1799 434 1846 σαντος
465 1786 803 1851 καλούμενος
833 1785 941 1837 ὑπὸ
974 1794 1086 1838 τῶν
1110 1787 1457 1838 Μακεδόνων
1481 1786 1557 1847 εἰς
1581 1786 1680 1853 τὴν
1704 1784 1922 1838 ἐκείνου

235 1874 567 1926 δυναστείαν
606 1874 832 1942 εἰσῆλθε
871 1871 961 1925 καὶ
1001 1867 1110 1942 εἶχε
1150 1875 1484 1942 σατραπείαν
1522 1875 1622 1942 τὴν
1661 1877 1921 1941 Βαβυλω-

169 1984 211 2015 20
235 1964 375 2015 νίαν.
439 1962 522 2014 80.
555 1960 843 2033 Ἀντιγόνῳ
885 1959 947 2014 δὲ
984 1966 1318 2030 πολεμοῦντι
1354 1964 1493 2032 πρὸς
1523 1963 1746 2032 Εὐμενῆ
1786 1964 1922 2031 σύμ-

353 2141 404 2180 16
439 2136 573 2179 Diod.
606 2136 755 2180 XVIII
780 2141 820 2180 3.
868 2136 1066 2193 Appian.
1096 2136 1192 2193 Syr.
1221 2141 1289 2180 57.
1319 2141 1386 2180 17.
1434 2137 1615 2181 Arrian.
1651 2139 1698 2180 et
1722 2137 1917 2193 Dexipp.

234 2209 308 2252 ap.
339 2195 472 2238 Phot.
506 2194 618 2238 bibl.
651 2195 772 2239 XCII
803 2211 847 2252 p.
877 2196 955 2238 71¹>
980 2200 1035 2239 28
1069 2198 1117 2239 et
1147 2195 1356 2239 LXXXII
1386 2211 1429 2252 p.
1458 2196 1536 2239 64b
1562 2201 1616 2240 28

352 2362 376 2399 2
402 2355 609 2408 οἰκίσεως
640 2356 806 2412 scripsi
838 2370 863 2400 e
890 2359 952 2401 Μ
959 2358 1158 2401 ‘au’otore
1182 2357 1249 2401 Re
1275 2357 1377 2401 coll.
1397 2357 1538 2401 Thuc.
1558 2357 1599 2400 V
1618 2362 1686 2412 11,
1706 2363 1730 2400 2
1793 2357 1919 2412 οἰκή-

232 2430 344 2466 σεως
373 2415 483 2459 libri
515 2417 605 2460 edd.
726 2421 751 2458 3
785 2415 850 2465 εἰς
879 2415 929 2458 in
959 2429 1034 2459 ras
1058 2416 1116 2459 1²
1187 2432 1237 2467 ος
1269 2417 1340 2472 ΠΙ
1368 2417 1574 2473 οἰκιστὴν
1611 2418 1655 2462 U
1765 2422 1793 2460 4
1820 2423 1918 2467 τοῖς

231 2474 355 2518 inser
376 2474 434 2517 1²
562 2480 587 2518 5
619 2473 923 2533 τηνταχίστην
955 2477 1001 2519 Β
1131 2479 1156 2518 6
1191 2475 1340 2520 ἐκεῖνο
1382 2476 1426 2519 U
1449 2476 1530 2518 sed
1561 2478 1668 2532 post
1699 2492 1723 2519 ο
1755 2489 1919 2519 rasura

230 2533 367 2576 unius
398 2533 478 2577 litt
510 2535 516 2590 Ι
551 2533 799 2590 δεξάμενος
838 2534 913 2578 UI
937 2533 1018 2577 sed
1049 2534 1099 2577 in
1130 2534 1218 2578 hoo
1252 2537 1332 2579 δια
1365 2535 1571 2590 antepOS.
1604 2534 1675 2577 m²
1809 2539 1832 2578 7
1864 2534 1915 2578 δὲ

230 2593 272 2635 R
306 2594 312 2647 Ι
349 2609 371 2643 ς
401 2592 450 2635 in
482 2591 611 2645 ἄξιος
641 2593 688 2635 in
721 2606 796 2636 ras
829 2591 897 2636 Β2
1025 2597 1050 2635 8
1083 2591 1290 2650 γίγνεται
1329 2593 1574 2638 UIMBCa
1605 2596 1652 2637 et
1683 2607 1708 2636 e
1738 2590 1916 2651 γίνεται

232 2665 333 2694 corr
356 2650 465 2695 Mo²
615 2657 669 2695 14
700 2669 727 2695 ν
758 2651 808 2694 in
848 2649 1044 2696 δικαίων
1083 2652 1190 2695 add..
1220 2651 1327 2696 Mo²
1376 2653 1381 2708 Ι
1431 2651 1752 2727 ἀπολαμβάνει
1784 2654 1830 2697 Β
1869 2653 1919 2694 ef,

231 2710 300 2753 m²
332 2722 473 2766 supra
508 2710 833 2768 ἀπελάμβανεν
860 2712 922 2754 Μ
1046 2715 1099 2754 15
1125 2711 1186 2760 ὡς
1211 2712 1294 2755 Mo
1429 2715 1481 2752 16
1514 2710 1746 2770 ἵππαρχος
1774 2713 1810 2754 Ι
1833 2710 1915 2754 sed

231 2785 285 2812 ιπ
326 2769 376 2812 in
417 2782 494 2812 ras
536 2768 605 2811 m²
688 2769 897 2827 ὕπαρχος
930 2769 994 2813 Oa
1145 2774 1199 2814 16
1244 2770 1291 2812 et
1340 2773 1394 2812 17
1436 2767 1661 2825 περδίκου
1691 2770 1831 2814 ΙΒΜ

234 2831 287 2870 19
320 2842 431 2883 σατρ
435 2825 582 2872 απίαν
612 2829 706 2872 ΙΜ
822 2832 877 2870 20
910 2828 1075 2884 εὐμενῆ
1109 2830 1245 2873 acubo
1278 2841 1418 2884 supra
1449 2828 1595 2872 alssero
1628 2844 1648 2872 ε
1679 2830 1726 2872 et
1755 2829 1862 2884 post
1884 2844 1914 2883 η

232 2844 431 2988 duaPlus‘*2
430 2885 606 2929 litteris
631 2886 774 2930 erasis
790 2887 826 2930 Ι
881 2887 1015 2942 εὐμεν
1040 2887 1221 2931 duabus
1245 2886 1415 2931 litteris
1441 2888 1584 2931 erasis
1612 2889 1657 2932 U
1709 2886 1765 2930 cf.
1784 2886 1911 2930 Euat.

233 2945 294 2988 ad
367 2979 376 2988 .
410 2961 431 2989 ε
464 2949 549 2988 576
