2094 3202
631 89 856 132 LIBANII
889 87 1228 132 ORATIONES
1664 89 1733 140 32
1737 89 1769 141 3

210 232 290 278 15.
331 229 770 277 Laurentianus
803 229 942 276 LVII
976 231 1041 276 27
1086 229 1296 290 scriptus
1337 244 1464 276 anno
1510 230 1646 276 1392
1690 230 1771 276 fol.

97 307 216 352 277.
294 304 418 351 Vide
461 318 610 364 supra
648 320 694 364 p.
731 304 797 350 59
819 318 887 364 sq.

210 380 290 426 16.
324 377 920 425 Wolfenbuttelanus
956 378 1055 424 511
1094 392 1215 424 saec.
1243 375 1333 422 XV
1364 376 1448 424 fol.
1478 378 1597 424 309.
1654 376 1778 423 Vide

95 468 243 515 supra
281 469 326 513 p.
364 453 431 499 64
450 467 519 511 sq.

211 528 292 573 17.
334 524 782 572 Escurialensis
808 525 1081 572 T—II-9
1117 540 1239 572 saec.
1273 524 1400 571 XVI.
1422 524 1693 586 descriptus
1727 542 1781 571 ex

96 599 310 647 editione
350 598 665 646 Ferrariensi.
743 598 869 645 Vide
910 614 1058 660 supra
1096 616 1142 660 p.
1179 600 1260 645 67.

210 675 290 720 18.
347 673 662 720 Parisinus
710 689 779 735 gr.
831 673 970 720 3016
1015 688 1138 720 saec.
1177 672 1269 719 XV
1308 673 1392 719 fol.
1435 674 1578 719 241V.
1656 672 1782 720 Vide

96 763 249 810 supra
283 765 329 809 p.
367 748 431 794 53
453 762 522 808 sq.
584 746 749 793 Verba
787 749 999 811 γλῶτταν
1041 747 1247 808 241,16
1288 773 1349 778 —
1386 744 1467 793 διὰ
1506 748 1697 794 πολλῶν
1730 743 1782 794 δὲ

94 823 215 882 244,
238 824 264 869 7
292 821 334 868 R
374 821 562 869 desunt.
641 819 864 868 Contulit
904 819 1082 868 Gasda.

208 897 287 943 19.
343 894 661 942 Parisinus
717 893 887 956 Suppl.
945 911 1014 958 gr.
1063 896 1165 942 656
1225 909 1348 942 saec.
1388 894 1480 940 XV
1533 895 1616 942 fol.
1662 896 1778 941 114.

89 969 217 1016 Vide
257 985 403 1031 supra
442 985 487 1030 p.
531 970 649 1016 234.

205 1045 287 1091 20.
343 1042 656 1090 Parisinus
711 1059 781 1106 gr.
826 1045 970 1091 1000
1023 1059 1146 1091 saec.
1187 1043 1278 1089 XV
1325 1043 1408 1090 fol.
1458 1044 1576 1089 171.
1651 1042 1777 1089 Vide

91 1132 239 1179 supra
277 1133 324 1178 p.
360 1117 465 1164 280
484 1132 553 1178 sq.
619 1115 840 1164 Collatus
881 1120 956 1164 est
996 1133 1024 1165 a
1062 1116 1400 1165 Boissonadio.
1463 1116 1588 1164 Vide
1618 1133 1665 1178 p.
1696 1117 1775 1163 78.

206 1193 288 1240 21.
313 1191 644 1238 Vaticanus
678 1207 748 1254 gr.
777 1192 916 1239 2243
952 1206 1075 1238 saec.
1101 1190 1219 1238 XIV
1249 1191 1334 1240 fol.
1361 1192 1430 1238 ὃν.
1470 1189 1597 1237 Vide
1630 1206 1778 1251 supra

89 1282 136 1327 p.
180 1266 280 1312 281
303 1280 372 1326 sq.

207 1341 290 1386 22.
322 1339 556 1386 Athous
587 1339 815 1386 Laurae
842 1338 888 1386 S.
906 1339 1170 1386 Athanasii
1201 1336 1384 1396 θέσεως
1416 1338 1468 1385 Ω
1498 1355 1631 1384 num.
1658 1339 1776 1397 123,
1809 1346 1864 1386 37

95 1413 214 1462 olim
255 1414 286 1459 4
309 1406 365 1478 ¹),
405 1413 688 1461 chartaceus
728 1413 915 1460 formae
954 1412 1063 1460 folii
1093 1413 1296 1460 minoris
1332 1406 1423 1478 (26
1443 1420 1514 1463 ><
1536 1413 1601 1459 18
1628 1406 1777 1478 cent.)

97 1486 283 1534 saeculi
322 1486 445 1533 XIII
463 1479 506 1552 2)
546 1487 765 1534 continet
803 1487 945 1534 haec:

205 1561 289 1608 fol.
333 1563 359 1608 1
403 1560 653 1624 Λιβανίου
693 1566 933 1622 σοφιστοῦ
971 1559 1114 1626 λόγος
1152 1558 1425 1625 ἀντιοχικός

168 1672 170 1674 .
210 1635 274 1682 16
338 1633 635 1699 Σωκράτους
674 1631 912 1699 ἀπολογία

205 1709 272 1756 32
313 1713 400 1756 τοῦ
440 1706 592 1757 αὐτοῦ
630 1707 753 1773 πρὸς
791 1707 906 1767 τοὺς
942 1706 1169 1774 λέγοντας
1209 1707 1276 1772 μή
1315 1727 1450 1767 τινας
1481 1714 1578 1756 τῶν
1610 1704 1778 1771 ὁμιλη-

91 1789 189 1831 τῶν
228 1778 526 1844 ὠφελεῖσθαι
564 1776 678 1847 παρ’
722 1781 876 1830 αὐτοῦ
921 1780 1000 1831 ἐπὶ
1045 1782 1208 1847 λόγοις
1245 1782 1275 1829 i.
1318 1799 1355 1829 e.
1397 1781 1519 1847 πρὸς
1558 1780 1672 1840 τοὺς
1709 1782 1777 1840 εἰς

91 1854 183 1919 τὴν
221 1855 449 1904 παιδείαν
487 1854 636 1905 αὐτὸν
675 1854 1070 1918 ἀποσκώψαντας
1084 1850 1126 1923 3)

207 1931 273 1978 36
338 1928 460 1995 πρὸς
497 1928 613 1988 τοὺς
651 1928 795 1988 νέους
833 1928 942 1996 περὶ
980 1937 1068 1978 τοῦ
1106 1929 1319 1993 τάπητος

207 2005 274 2051 39
338 2003 680 2069 πρεσβευτικὸς
718 2003 840 2069 πρὸς
879 2003 1211 2070 αὐτοκράτορα
1253 2002 1504 2052 ιὀυλιανὸν

203 2079 272 2124 44
335 2076 456 2143 πρὸς
495 2075 742 2142 ἀντιοχέας
780 2075 890 2143 περὶ
928 2085 1014 2142 τῆς
1051 2085 1138 2126 τοῦ
1177 2075 1410 2142 βασιλέως
1449 2074 1598 2143 ὀργῆς

202 2153 270 2199 48
332 2150 402 2209 εἰς
440 2149 772 2218 αὐτοκράτορα
811 2151 1065 2202 ιὀυλιανὸν
1101 2151 1291 2201 ὕπατον

202 2226 270 2273 54
333 2225 741 2290 προσφωνητικὸς
772 2225 1013 2283 71ιὀυλιοινιῗῐ)

202 2300 269 2347 57
330 2298 453 2364 πρὸς
491 2298 823 2365 αὐτοκράτορα
862 2297 1115 2348 ἰουλιανὸν
1152 2296 1274 2365 ὑπὲρ
1314 2296 1678 2365 ἀριστοφᾶνους

208 2426 250 2479 1)
281 2426 334 2468 In
372 2425 588 2483 catalogo
627 2425 943 2470 bibliothecae
983 2439 1012 2469 a
1044 2424 1334 2482 chrysantho
1358 2424 1536 2469 Notata
1567 2425 1652 2470 sub
1685 2424 1774 2469 ini-

88 2483 208 2528 tium
253 2485 428 2528 saeculi
465 2484 615 2529 XVIII
659 2484 785 2528 facto
831 2486 880 2530 et
925 2498 954 2529 a
993 2483 1297 2529 Constantino
1344 2483 1490 2528 Satha
1533 2488 1770 2530 Μεσαιων.

87 2542 346 2602 βιβλιοθήκ.
377 2543 399 2587 Ι
430 2548 516 2588 273
541 2558 607 2600 sq.
655 2543 834 2600 publici
881 2544 995 2588 iuris
1040 2543 1166 2588 facto
1214 2542 1364 2587 obiter
1403 2543 1663 2600 descriptus
1703 2546 1774 2588 est

0 2699 12 2726 ·.
85 2603 135 2659 (P
206 2662 249 2716 2)
270 2604 543 2706 >Alexander
573 2661 815 2706 Lauriotes
852 2661 1236 2706 bibliothecarius
1277 2660 1642 2719 gratiosissimus
1673 2674 1773 2705 sae-

0 2730 9 2774 ξ
90 2719 195 2764 culo
226 2719 290 2763 XI
318 2720 393 2764 vel
422 2720 507 2764 XII
538 2721 745 2765 codicem
774 2721 981 2766 tribuere
1010 2721 1123 2765 vult.

0 2781 6 2838 ζ
207 2781 251 2836 3)
283 2778 349 2823 cf.
373 2779 508 2824 Laur.
533 2779 656 2823 LVII
680 2784 736 2824 20
759 2783 820 2835 (ιι.
849 2785 874 2824 6
907 2793 1048 2836 supra
1076 2795 1122 2836 p.
1143 2781 1218 2837 40)
1250 2779 1328 2823 fol.
1355 2783 1436 2823 33
1467 2781 1515 2824 et
1536 2779 1660 2823 Mon.
1688 2783 1769 2823 101

2 2887 8 2893 ¹
91 2838 152 2894 (n.
186 2843 241 2882 22
273 2850 413 2895 supra
443 2853 489 2895 p.
516 2840 619 2896 221)
650 2838 728 2883 fol.
765 2844 894 2894 146,
934 2852 1134 2895 quocum
1163 2838 1213 2882 in
1251 2839 1386 2895 parte
1423 2838 1576 2895 prima
1615 2837 1711 2895 (fol.
1746 2844 1769 2881 1

0 2909 5 2931 ι
85 2898 220 2955 -72)
252 2897 438 2942 omnino
471 2898 714 2942 consentit.

1417 2971 1508 3015 21*
