2090 3162
256 139 366 190 352
798 138 1023 181 LIBANII
1055 138 1392 182 ORATIONES

251 278 528 337 κωλύοντος
573 296 704 335 τινος
750 276 802 326 ἐν
848 285 913 326 τῶ
962 278 1269 343 δεσμωτηρίω
1324 278 1576 344 σωκράτην
1623 277 1930 344 διαλέγεσθαι

250 350 485 417 ἀντιλέγει
524 365 614 410 τις·
656 349 803 431 μελέτ.
843 347 921 416 λὲ,
960 355 1065 400 tum
1099 345 1204 413 (fol.
1237 346 1328 418 88)
1369 351 1421 401 ἐκ
1459 360 1544 401 τοῦ
1583 354 1928 418 πρεσβευτικοῦ

253 439 506 488 ἰουλιανῶ;
548 439 687 506 λόγος
726 442 773 504 β,
813 446 898 488 τοῦ
938 440 1006 498 εἰς
1045 438 1129 488 τὸν
1161 439 1490 505 αὐτοκράτορα
1523 440 1770 490 ἰουλιανὸν
1802 442 1928 490 ὕπα-

252 547 337 577 τον
387 528 484 594 λόγ.
529 529 580 592 ὁ,
631 536 717 577 τοῦ
769 528 891 593 πρὸς
943 522 1354 595 (suprascriptum
1397 532 1470 577 est
1519 525 1611 595 εἰς)
1652 530 1926 596 καισάριοντ

250 617 348 682 λόγ.
398 613 425 665 ἕ
468 620 562 665 κτλ.
603 634 755 679 usque
798 618 858 664 ad
897 624 982 665 τοῦ
1022 615 1131 683 περὶ
1170 618 1390 676 δουλείας
1740 618 1838 684 λόγ.
1878 621 1933 678 λζ

369 695 465 740 Τοῦ
505 690 627 756 πρὸς
665 690 944 757 ἀριστείὸην
981 689 1090 757 περὶ
1127 699 1223 740 τῶν
1263 689 1509 756 ὀρχηστῶν
1738 692 1836 758 λόγ.
1869 696 1928 756 λῆ

367 783 466 828 Τοῦ
505 778 634 846 περὶ
673 778 996 843 ἀπληστίας
1732 780 1829 847 λόγ.
1861 785 1929 829 λθ

367 857 465 902 Τοῦ
504 853 667 919 ψόγου
708 851 856 919 ὀργῆς
1195 898 1197 901 ,
1739 854 1839 921 λόγ.
1895 875 1928 919 μ

368 931 466 976 Τοῦ
506 926 745 993 ἐγκωμίου
785 927 902 991 βοός
1738 929 1836 995 λόγ.
1862 949 1928 992 μα

360 1009 445 1066 τῆς
483 1000 761 1066 ἐκφράσεως
800 999 959 1065 μέθης
1735 1002 1833 1069 λόγ.
1871 1021 1928 1067 με

367 1093 464 1139 Τοῦ
504 1088 612 1154 περὶ
651 1090 839 1152 φίλων
1738 1091 1836 1157 λόγ.
1854 1096 1929 1155 μθ

366 1167 464 1212 Τοῦ
502 1164 570 1222 εἰς
609 1163 936 1212 κωνστάντιον
975 1162 1057 1212 καὶ
1095 1164 1375 1212 κώνσταντα
1491 1161 1643 1231 λόγ.
1613 1185 1642 1213 ν
1683 1159 1789 1232 (fol.
1819 1160 1924 1232 94).

367 1238 643 1285 Succedunt
681 1239 765 1286 fol.
802 1239 867 1286 95
909 1254 1066 1300 pauca
1111 1237 1164 1287 ἐκ
1209 1246 1305 1287 τῶν
1345 1237 1605 1287 ἐπιστολῶν
1643 1246 1729 1288 τοῦ
1776 1238 1926 1288 αὐτοῦ

253 1318 491 1374 σοφιστοῦ
531 1312 755 1376 λιβανίου
789 1315 837 1360 et
869 1310 919 1360 ἐκ
958 1319 1043 1376 τῆς
1081 1309 1355 1378 ἀντιλογίας
1393 1308 1507 1378 παρ’
1544 1311 1768 1378 ἀχιλλέως
1805 1312 1927 1379 πρὸς

247 1383 457 1434 ὀδυσσέα
495 1386 838 1451 πρεσβεύοντα.

357 1460 416 1507 111
467 1460 770 1508 orationibus
821 1458 929 1525 περὶ
979 1458 1245 1523 ἀπληστίας
1296 1462 1344 1508 et
1393 1459 1501 1526 περὶ
1540 1461 1710 1520 πενίας
1750 1477 1861 1508 eum
1900 1477 1924 1508 e

249 1534 411 1581 codice
451 1534 742 1582 scholastico
781 1534 961 1582 libasse
999 1536 1055 1581 ut
1094 1535 1211 1582 ordo
1245 1535 1593 1596 opusculorum
1625 1550 1773 1596 supra
1805 1536 1923 1582 alla·

244 1610 410 1655 torum
464 1610 512 1655 et
564 1608 741 1655 titulus
795 1605 902 1673 περὶ
956 1607 1132 1672 φίλων,
1187 1608 1259 1655 ita
1311 1609 1545 1657 lectiones
1596 1609 1732 1671 ipsae
1780 1609 1923 1657 docu-

246 1683 411 1729 mento
452 1684 578 1729 sunt.

358 1753 536 1803 Omnia
568 1771 693 1817 quae
727 1756 789 1802 ad
811 1754 1075 1803 Libanium
1107 1758 1330 1817 spectant
1361 1756 1463 1818 ipse
1491 1772 1617 1803 anno
1647 1757 1788 1804 1870
1813 1772 1922 1804 0011-

245 1829 342 1876 tuli
372 1830 450 1877 vel
483 1830 730 1901 descripsi,
768 1846 891 1891 quae
925 1829 988 1877 ad
1021 1829 1310 1891 Chorioium‚
1345 1829 1694 1878 Constantinus
1731 1829 1922 1878 Sathas.

359 1903 526 1951 Editio
566 1904 893 1951 Ferrariensis
934 1897 1389 1970 (f01.199-—200)
1439 1919 1463 1950 e
1503 1904 1666 1951 codice
1705 1904 1924 1952 Wolfen-

247 1977 502 2025 buttelano
554 1978 637 2025 fol.
674 1979 776 2025 309
825 1978 982 2024 fluxit.
1058 1977 1200 2026 Hanc
1237 1978 1471 2026 Morellus
1508 1980 1543 2026 t.
1576 1978 1601 2024 I
1635 1979 1809 2025 945-
1819 1979 1922 2025 948

246 2052 480 2112 repetivit
517 2051 766 2099 nonnullis
805 2051 926 2099 10013
966 2051 1274 2099 emendatam
1308 2068 1398 2113 ope
1432 2051 1609 2100 codicis
1641 2053 1782 2112 Reyii
1820 2053 1850 2099 i.
1884 2067 1922 2100 e.

246 2123 460 2172 Parisini
498 2142 567 2188 gr.
603 2126 707 2173 963
751 2118 818 2191 (n.
853 2117 971 2190 41),
1018 2125 1157 2173 ouius
1203 2126 1437 2173 lectiones
1484 2127 1663 2188 passim
1705 2125 1757 2172 in
1795 2141 1924 2172 mar-

247 2199 360 2261 gine
411 2214 521 2245 cum
569 2217 642 2263 γρ.
693 2199 959 2247 adnotatae
1010 2202 1138 2247 sunt.
1216 2199 1402 2247 Eodem
1452 2215 1580 2247 anno
1634 2200 1772 2247 1606
1826 2214 1922 2260 quo

246 2275 410 2320 tomus
448 2273 533 2320 ille
572 2274 760 2334 primus
793 2274 930 2320 0111113
969 2272 1021 2319 111
1059 2272 1154 2319 fine
1193 2275 1292 2320 tres
1331 2271 1444 2320 illae
1477 2273 1813 2320 oratiunculae
1845 2289 1922 2320 ex-

247 2348 396 2407 stant,
435 2345 632 2408 prodiit,
671 2346 756 2394 sed
801 2347 953 2407 paulo
973 2349 1105 2407 post
1141 2346 1270 2394 huno
1282 2339 1321 2412 1)
1362 2346 1594 2394 Morellus
1642 2362 1722 2394 eas
1769 2346 1923 2394 latine

246 2435 413 2467 versas
467 2419 620 2468 edidit
665 2419 916 2467 dedicatas
964 2420 1072 2467 Nic.
1111 2420 1384 2481 Brulartio,
1434 2420 1670 2468 Franciae
1719 2435 1923 2481 procan-

246 2493 468 2553 oellariO,
520 2494 612 2540 hoc
658 2494 829 2541 titulo:
882 2494 1089 2542 Libanii
1123 2493 1373 2553 Sophistae
1417 2494 1771 2542 dissertationes
1815 2497 1922 2542 tres.

246 2567 286 2612 I
315 2567 393 2614 De
430 2569 598 2626 opibus
638 2571 680 2615 et
715 2569 898 2627 inopia.
966 2567 1038 2613 II
1068 2567 1125 2615 de
1164 2569 1346 2616 amieis.
1414 2567 1519 2614 III
1549 2568 1606 2615 de
1650 2567 1924 2627 inexplebili

246 2641 519 2700 cupiditate.
596 2642 715 2688 Fed.
755 2641 993 2688 Morellas
1041 2643 1276 2700 interpres
1313 2641 1429 2701 Req.
1467 2641 1648 2688 Latine
1696 2643 1924 2689 convertit

248 2717 290 2761 et
325 2715 504 2762 notulis
541 2715 817 2762 illustravit.
878 2714 1114 2770 Lutetiae,
1145 2713 1297 2775 Apud
1330 2715 1616 2762 Federicam
1645 2715 1922 2770 Morellnrm

246 2786 751 2848 Architypoyrapham
788 2788 995 2848 Regium
1032 2787 1193 2836 MDO
1201 2788 1286 2836 VI.
1363 2787 1529 2836 Editio
1583 2787 1726 2835 hodie
1774 2788 1921 2835 raris-

367 2943 410 2998 1)
443 2940 508 2985 Cf.
542 2955 662 2997 quae
693 2941 816 2985 infra
848 2942 905 2986 de
938 2941 1146 2986 oratione
1170 2942 1275 2986 VIII
1305 2956 1544 2999 exponam.
