2090 3162
695 115 879 159 LIBAN
880 115 922 158 11
953 114 1294 159 ORATIONES
1733 114 1841 166 349

269 257 532 305 Pr0verbia
570 257 737 304 ordine
783 257 1053 304 litterarum
1092 256 1390 304 diversorum
1430 258 1679 304 auctorum
1717 258 1839 316 forte

158 330 382 392 Greyorii
419 324 734 378 Patriarchae
776 329 925 391 Cypri
964 334 1006 378 et
1044 330 1256 378 alterius.
1340 354 1342 357 ·

270 404 466 452 Catonis
497 404 710 452 Romani
739 406 996 452 sententiae
1029 419 1060 452 a
1084 405 1308 451 Maximo
1332 405 1553 452 Planude
1585 418 1838 452 conversae

154 493 264 527 cwm
301 478 492 526 scholiis
530 480 584 526 in
621 480 852 539 maryine.

267 552 451 600 Basilii
489 553 667 613 Mayui
706 553 935 612 epistulae
975 551 1065 599 XI
1096 552 1161 599 ad
1199 552 1470 599 Libauium

267 626 472 673 Libanii
512 627 576 674 acl
615 626 863 674 Basiliam
903 626 1133 685 epistulae
1174 625 1263 672 XI
1267 626 1319 673 V.

266 700 458 748 Iuliani
480 699 743 759 Apostatae
775 701 1005 759 epistulae
1036 700 1101 748 acl
1123 699 1394 747 Libauium
1425 703 1468 747 et
1498 700 1837 748 Iamblichum.

271 773 495 834 Greyorii
538 775 758 834 Theoloyi
797 774 1003 833 epistula
1041 774 1107 821 ad
1145 774 1395 821 Basilium
1433 775 1690 834 Mayuum.

268 848 478 908 Epicteti
515 848 794 907 Philosophi
832 848 1086 896 euchiridii
1122 849 1461 908 fraqmeutum.

267 922 420 969 Isiber
457 923 510 969 iu
548 924 693 970 veteri
731 923 900 970 charta
938 936 1108 970 annor.
1152 920 1280 970 000
1314 924 1474 981 forma
1514 922 1756 981 quadrati.

267 994 415 1043 Patet
438 995 653 1042 codicem
678 1011 702 1042 e
727 1011 903 1058 genere
927 995 1076 1043 fuisse
1102 995 1508 1043 scholasticorum
1524 988 1607 1060 (cf.
1625 1012 1672 1056 p.
1693 988 1837 1060 321).

267 1069 375 1116 Iam
426 1069 467 1116 si
517 1070 739 1131 quaestio
788 1072 1027 1130 movetur,
1078 1085 1174 1131 quo
1221 1069 1594 1117 necessitudinis
1642 1069 1838 1117 vinculo

157 1142 348 1192 codices
388 1158 510 1204 quos
557 1143 837 1191 enumeravi
884 1144 1014 1191 inter
1051 1159 1101 1191 se
1140 1143 1388 1191 coniuncti
1426 1145 1548 1204 sint,
1594 1143 1700 1190 fieri
1738 1158 1837 1191 non

156 1219 335 1280 potest,
373 1220 430 1264 ut
468 1217 870 1265 scholasticorum
882 1210 923 1283 1)
965 1217 1140 1278 cuique
1180 1232 1296 1264 suus
1337 1219 1494 1264 certus
1527 1219 1675 1278 atque
1715 1216 1839 1264 fixus

156 1291 292 1339 locus
331 1291 623 1354 assignetur,
663 1291 748 1339 sed
784 1291 878 1338 nisi
910 1293 959 1338 te
991 1291 1234 1339 erroribus
1273 1291 1518 1352 implicari
1549 1292 1639 1351 vis,
1672 1291 1838 1338 arche-

156 1367 334 1427 typum
373 1381 540 1412 eorum
576 1380 601 1412 s
640 1365 703 1412 ad
742 1365 1081 1428 apographum
1118 1381 1167 1412 m
1206 1365 1338 1426 quod
1375 1365 1539 1426 ipsum
1578 1381 1602 1412 e
1643 1364 1659 1411 l
1697 1364 1839 1412 fluxit

157 1439 316 1486 redire
355 1438 484 1486 dices
526 1441 574 1486 et
612 1439 664 1486 in
701 1439 793 1487 hoc
831 1440 931 1486 fere
971 1441 1228 1487 stemmate
1268 1439 1564 1500 acquiesces:

278 1627 320 1681 1)
352 1624 421 1667 Ex
462 1623 627 1667 horum
669 1637 838 1682 genere
882 1623 1025 1669 etiam
1055 1623 1336 1668 Vaticanum
1367 1639 1433 1682 gr.
1468 1628 1582 1667 2243
1616 1625 1707 1681 (35)
1739 1637 1840 1668 esse

158 1696 298 1740 supra
328 1698 372 1740 p.
407 1688 492 1728 282
525 1683 634 1727 dixi.
1083 1710 1088 1714 »
