2090 3162
258 110 366 162 530
809 110 1035 153 LIBANH
1064 109 1290 154 ORATIO
1323 111 1385 154 XI

257 247 351 306 vo'g
397 265 451 297 τε
500 243 587 299 καὶ
628 243 814 313 φέρων
854 246 931 306 εἰς
977 243 1148 312 μέσην
1186 247 1286 313 τὴν
1324 248 1489 299 πόλιν
1535 245 1625 298 καὶ
1673 247 1778 315 πρὸ
1826 257 1937 300 τῶν

255 337 447 386 πυλῶν
499 331 744 394 ἑκάστοις
792 334 857 384 τὰ
908 335 1110 400 φορτία
1159 343 1356 386 ποιῶν·
1407 336 1543 387 ὥστε
1590 334 1805 402 γυναιξὶ
1846 338 1934 389 καὶ

255 421 445 474 παισὶν
486 419 823 489 ἐξαιρεῖσθαι
854 422 951 473 τὸν
982 423 1156 489 γόμον
1189 420 1402 484 ἐξεῖναι.
1463 423 1792 477 τούναντίον
1830 426 1934 493 γὰρ

255 511 286 578 ἢ
336 508 461 576 περὶ
511 510 611 576 τὴν
666 510 1022 577 Θεσπρωτίδα
1071 511 1201 579 τῇδε
1252 509 1609 579 συμβέβηκεν.
1686 512 1795 566 ε’κεῖ
1834 514 1936 582 μὲν

212 621 229 651 5
255 600 356 666 γὰρ
397 598 425 650 ὁ
466 598 705 666 ποταμὸς
752 599 829 659 εἰς
867 599 967 665 τὴν
1015 600 1213 666 λίμνην
1253 598 1530 668 ἐμβάλλει,
1581 599 1825 654 ἐνταῦθα
1875 603 1936 655 δὲ

187 1063 228 1094 10

254 689 353 754 τὴν
404 688 602 754 λίμνην
648 686 676 739 ὁ
727 687 968 753 ποταμὸς
1015 687 1407 754 ὑπολαμβάνει.
1485 688 1606 741 262.
1658 691 1718 742 τὸ
1767 687 1826 742 δὲ
1867 691 1936 758 δὴ

252 776 526 845 μέγιστον,
571 772 702 828 οὐδὲ
741 776 844 843 γὰρ
884 776 947 828 τὸ
994 777 1127 841 μετὰ
1173 778 1273 844 τὴν
1318 779 1484 830 πόλιν
1530 779 1608 839 εἰς
1653 779 1935 831 θάλατταν

253 863 383 933 ῥέον
430 866 641 932 ἄπορον
687 865 889 916 ναυσὶν
933 863 1043 916 ὑπὸ
1090 874 1201 918 τῶν
1246 875 1462 935 πετρῶν
1508 866 1863 935 καθέστηκεν,
1904 867 1934 920 ὃ

253 955 320 1020 δὴ
372 954 461 1005 καὶ
499 961 598 1006 τοῦ
638 954 849 1005 Νείλου
900 954 965 1004 τὰ
1014 954 1191 1005 πολλὰ
1240 952 1539 1022 πέπονθεν,
1590 956 1723 1008 οὐδὲ
1771 963 1934 1010 τοῦτο

250 1042 383 1110 ἡμῖν
430 1043 718 1110 ἄχρηστον,
770 1039 887 1093 ἀλλ’
935 1040 1090 1104 ἄξιον
1127 1050 1222 1110 τῆς
1260 1043 1532 1112 εὐφημίας
1577 1038 1611 1114 ᾖ
1653 1045 1934 1112 Πίνδαρος

252 1132 329 1192 εἰς
382 1130 480 1183 τὸν
528 1133 910 1198 Καμαριναῖον
952 1129 1212 1199 Ἵππαριν
1265 1130 1543 1202 κέχρηται,
1599 1132 1682 1185 ὅτι
1736 1136 1935 1202 κολλᾷ

368 1333 568 1435 ἶῖὴυο.
596 1334 615 1376 Ι
647 1338 717 1388 46,
743 1339 768 1377 3
891 1339 917 1377 9
950 1335 1055 1378 Her.
1090 1335 1131 1378 II
1163 1339 1233 1389 29,
1253 1340 1277 1377 3
1402 1340 1456 1379 10
1487 1336 1620 1381 Pind.
1647 1336 1716 1381 Ol.
1736 1336 1850 1380 V14
1865 1351 1930 1391 sq.

251 1408 286 1437 c.
322 1407 368 1436 se
405 1407 461 1437 o.

370 1591 423 1629 10
457 1602 574 1631 ουτω
608 1586 750 1641 φησὶν
781 1584 810 1641 ἡ
843 1585 1053 1642 ἐξήγησις
1081 1593 1163 1631 τοῦ
1194 1587 1325 1642 παρὰ
1356 1587 1581 1661 Πινδάρῳ
1613 1585 1767 1644 ῥητοῦ,
1800 1604 1870 1632 οτι
1901 1587 1930 1643 ἡ

248 1645 437 1695 Παλλὰς
477 1645 506 1701 ἡ
549 1643 806 1701 συνέχουσα
848 1644 932 1701 τὴν
975 1645 1110 1689 πόλιν
1142 1645 1226 1702 τὴν
1258 1644 1538 1702 Καμαρίναν
1571 1646 1783 1703 δηλονότι
1827 1644 1930 1708 ᾅδει

249 1703 331 1760 μὲν
363 1703 508 1761 ἤγουν
540 1705 676 1759 ὑμνεῖ
703 1703 786 1747 τὸν
819 1703 899 1747 σὸν
931 1703 1049 1747 ναὸν
1080 1704 1161 1748 τὸν
1193 1703 1339 1761 ἁγνὸν
1378 1706 1457 1748 καὶ
1496 1706 1577 1749 τὸν
1608 1706 1818 1779 ποταμὸν
1848 1706 1929 1748 τὸν

240 1762 429 1817 Ὢανον,
468 1763 548 1806 καὶ
578 1763 661 1819 τὴν
694 1761 858 1818 λίμνην
882 1762 966 1818 τὴν
996 1761 1222 1836 ἐγχωρίαν
1247 1763 1394 1820 ἤγουν
1417 1764 1500 1820 τὴν
1525 1762 1819 1821 Καμαρίναν,
1851 1765 1930 1808 καὶ

247 1822 305 1866 τὰ
349 1821 573 1880 σεβάσμιοι
616 1820 840 1878 ῥεύματα,
885 1820 948 1865 δι’
987 1826 1049 1866 ὡν
1083 1822 1106 1866 ὁ
1130 1819 1349 1897 Ἵππαρις
1381 1822 1405 1866 ὁ
1437 1824 1644 1880 ποταμὸς
1674 1823 1818 1898 άρδει
1848 1824 1930 1868 τὸν

248 1882 442 1937 στρατὸν
474 1882 661 1925 ἀντιτοῦ
700 1881 781 1924 τὸν
821 1881 935 1924 λαὸν
966 1887 1046 1938 τῆς
1076 1879 1360 1938 Καμαρίνης.
1416 1885 1554 1944 κολλᾷ
1585 1898 1632 1926 τε
1664 1882 1688 1926 ὁ
1711 1879 1931 1938 Ἰππαρις

248 1940 396 1997 ἤγουν
426 1938 710 1996 προστυθησί
740 1956 787 1984 τε
819 1941 893 1984 ἀεὶ
923 1941 1004 1984 καὶ
1033 1940 1163 1996 αὔξει
1193 1939 1367 1998 ταχέως
1397 1929 1584 1986 ἀντιτοῦ
1617 1939 1789 2002 ραδίως
1818 1940 1928 1997 ’ὑψί-

246 2016 379 2057 γυιον
419 1999 556 2049 ἄλσος
596 1998 824 2055 θαλάμων
863 1997 1064 2045 σταδιων
1096 2000 1284 2044 ἀντιτοῦ
1327 1999 1552 2056 μετέωρον
1583 1988 1771 2057 πληθὺν
1802 2001 1929 2057 οἰκη-

247 2058 403 2115 μάτων
435 2065 648 2114 στερρῶν,
679 2058 894 2116 κατάγων
918 2065 1015 2110 τοῖς
1046 2058 1214 2103 ἑαυτοῦ
1239 2056 1431 2116 ρἐύμασι
1453 2059 1511 2103 τὰ
1534 2060 1626 2103 ὑπὸ
1650 2067 1742 2103 τῶν
1766 2062 1928 2115 Καμα-

246 2116 443 2173 ριναίων
475 2117 541 2168 εἰς
571 2117 858 2174 κατασκευὴν
884 2117 1148 2174 οἰκημάτων
1170 2116 1424 2175 τεμνόμενα
1456 2119 1567 2171 ξυλα
1592 2118 1660 2163 B²
1683 2120 1757 2175 (=
1775 2118 1925 2162 Schol.

246 2190 333 2221 rec.
369 2177 428 2220 ad
460 2176 592 2219 Pind.
627 2175 763 2220 01.V
790 2182 843 2220 16
877 2177 947 2221 ed.
981 2176 1185 2234 Boeckh)

367 2387 392 2425 3
426 2383 596 2436 ἐξεῖναι
628 2396 685 2427 ex
715 2379 837 2432 εἶναι
869 2397 970 2428 corr
994 2383 1051 2427 1⁸
1100 2386 1106 2441 Ι
1155 2382 1431 2429 τούναντίον
1464 2410 1518 2416 -
1552 2389 1578 2428 6
1610 2383 1926 2442 υπολαμβάνει

245 2442 363 2492 cibat
393 2442 513 2490 Plan
541 2441 620 2487 fol.
644 2446 735 2484 99v
876 2446 902 2485 5
935 2441 1143 2518 ἐκβάλλει
1175 2444 1220 2486 Ρ
1247 2444 1329 2488 sed.
1360 2460 1387 2487 κ
1418 2443 1467 2486 in
1496 2457 1572 2487 ras
1602 2443 1674 2487 ιιι2
1815 2447 1838 2486 7
1871 2443 1923 2487 τὸ

246 2501 415 2605 εοιὲίρέἒ
437 2499 595 2604 ὃλὲίὶὶῐί
619 2501 722 2604 edith
754 2505 858 2604 &228
880 2504 1164 2606 κῧῗιστατῧι
1188 2503 1272 2548 Mo
1296 2502 1379 2546 sed
1399 2500 1734 2606 καθέσὲηέαν’
1720 2517 1771 2545 m
1793 2515 1926 2558 marg

509 2573 535 2604 o
838 2577 869 2604 α
1188 2578 1249 2606 κα
1284 2579 1314 2608 α
1343 2577 1510 2606 ιναιων
1627 2576 1657 2604 α
1791 2577 1925 2615 καρι-

245 2626 379 2666 ναῖον
412 2620 497 2664 Mo
538 2621 544 2676 Ι
585 2621 724 2666 nouo}
771 2616 971 2667 σταδιων
1019 2578 1285 2676 843τὶρείωέ
1317 2579 1524 2664 εὸοὸοὺιιε
1563 2578 1806 2665 Μησαμῗῖ
1839 2623 1923 2664 110

245 2676 499 2735 (CoU.106)
523 2679 570 2722 et
594 2691 652 2735 eg
653 2691 680 2722 ο
699 2664 821 2726 Mus,
838 2677 984 2726 Rhea.
1003 2678 1172 2725 XXXII
1187 2682 1244 2723 89
1305 2681 1443 2725 κολλᾶ
1466 2695 1514 2723 τε
1538 2676 1737 2725 σταδίων
1762 2678 1828 2735 (in
1849 2690 1924 2723 ra-
1967 2696 1972 2699 ·

244 2749 353 2780 sura.
383 2741 412 2780 8
441 2736 719 2794 fimaturam)
743 2738 790 2783 B
812 2739 862 2782 et
883 2737 985 2784 Mor
1043 2740 1183 2784 κολλᾶ
1213 2735 1415 2783 σταδίων
1438 2739 1469 2782 1
1497 2737 1578 2781 sed
1609 2740 1691 2782 λλᾶ
1722 2735 1922 2782 σταδίων

243 2794 296 2838 in
335 2809 503 2843 rasum
539 2800 564 2840 6
607 2795 870 2844 Litterarum
913 2795 1062 2854 (prius
1096 2798 1121 2839 ³.-
1152 2809 1207 2840 ex
1238 2814 1255 2840 ι
1285 2797 1402 2853 corr)
1433 2795 1503 2841 111²
1583 2813 1638 2840 κο
1662 2799 1686 2839 λ
1725 2812 1775 2839 αι
1817 2809 1920 2839 oum

243 2866 405 2898 rasura
438 2859 460 2896 1
493 2855 602 2910 post,
631 2870 670 2907 ο,
703 2859 736 2898 2
761 2856 869 2912 post
896 2857 922 2898 λ
953 2854 1215 2903 libssexamm
1254 2856 1298 2902 U
1359 2857 1547 2901 καλλᾶωε
1578 2855 1662 2900 Mo
1694 2853 1776 2899 sed
1801 2851 1920 2900 δίων

245 2926 298 2957 m
324 2926 458 2970 marg
531 2915 736 2962 κοιλαῖαι
765 2912 934 2972 reliqui
965 2913 1076 2961 libri
1097 2913 1166 2960 Re
1240 2913 1371 2966 αὔξει
1402 2927 1548 2970 supra
1573 2916 1711 2958 naz-m
1734 2911 1810 2959 ΒΞ
