<?xml version="1.0" encoding="UTF-8"?>
<!DOCTYPE html PUBLIC "-//W3C//DTD XHTML 1.0 Transitional//EN"
    "http://www.w3.org/TR/xhtml1/DTD/xhtml1-transitional.dtd">
<html xmlns="http://www.w3.org/1999/xhtml" xml:lang="en" lang="en">
 <head>
  <title>
</title>
<meta http-equiv="Content-Type" content="text/html;charset=utf-8" />
  <meta name='ocr-system' content='tesseract 3.04.00' />
  <meta name='ocr-capabilities' content='ocr_page ocr_carea ocr_par ocr_line ocrx_word'/>
</head>
<body>
  <div class='ocr_page' id='page_1' title='image "./pt2operarecensu01libauoft_0175.png"; bbox 0 0 2090 3162; ppageno 0'>
   <div class='ocr_carea' id='block_1_1' title="bbox 737 125 1864 179">
    <p class='ocr_par' dir='ltr' id='par_1_1' title="bbox 737 125 1864 179">
     <span class='ocr_line' id='line_1_1' title="bbox 737 125 1864 179; baseline 0 -9"><span class='ocrx_word' id='word_1_1' title='bbox 737 127 963 170; x_wconf 84' lang='lat' dir='ltr'><strong>LIBANH</strong></span> <span class='ocrx_word' id='word_1_2' title='bbox 995 125 1217 171; x_wconf 85' lang='lat' dir='ltr'><strong>ORATIO</strong></span> <span class='ocrx_word' id='word_1_3' title='bbox 1250 126 1313 170; x_wconf 91' lang='lat' dir='ltr'><em>XI</em></span> <span class='ocrx_word' id='word_1_4' title='bbox 1757 127 1864 179; x_wconf 77' lang='lat'><em>489</em></span> 
     </span>
    </p>
   </div>
   <div class='ocr_carea' id='block_1_2' title="bbox 176 260 1956 2014">
    <p class='ocr_par' dir='ltr' id='par_1_2' title="bbox 176 260 1956 1201">
     <span class='ocr_line' id='line_1_2' title="bbox 178 260 1867 331; baseline -0.001 -16"><span class='ocrx_word' id='word_1_5' title='bbox 178 264 385 331; x_wconf 86' lang='grc' dir='ltr'><em>χώριον</em></span> <span class='ocrx_word' id='word_1_6' title='bbox 424 263 573 330; x_wconf 80' lang='grc' dir='ltr'><em>ἡμῖν,</em></span> <span class='ocrx_word' id='word_1_7' title='bbox 614 264 715 331; x_wconf 90' lang='grc' dir='ltr'><em>τὴν</em></span> <span class='ocrx_word' id='word_1_8' title='bbox 754 260 815 315; x_wconf 73' lang='grc' dir='ltr'><em>δὲ</em></span> <span class='ocrx_word' id='word_1_9' title='bbox 855 263 915 316; x_wconf 86' lang='grc' dir='ltr'><em>ἐν</em></span> <span class='ocrx_word' id='word_1_10' title='bbox 946 271 1059 325; x_wconf 86' lang='grc' dir='ltr'><em>τοῖς</em></span> <span class='ocrx_word' id='word_1_11' title='bbox 1097 263 1300 325; x_wconf 78' lang='grc' dir='ltr'><em>δεινοῖς</em></span> <span class='ocrx_word' id='word_1_12' title='bbox 1340 261 1574 330; x_wconf 76' lang='grc' dir='ltr'><em>ἀνδρίαν</em></span> <span class='ocrx_word' id='word_1_13' title='bbox 1605 263 1736 331; x_wconf 80' lang='grc' dir='ltr'><em>μετὰ</em></span> <span class='ocrx_word' id='word_1_14' title='bbox 1774 271 1867 330; x_wconf 83' lang='grc' dir='ltr'><em>τῆς</em></span> 
     </span>
     <span class='ocr_line' id='line_1_3' title="bbox 178 349 1866 420; baseline -0.001 -17"><span class='ocrx_word' id='word_1_15' title='bbox 178 360 288 403; x_wconf 85' lang='grc' dir='ltr'><em>τῶν</em></span> <span class='ocrx_word' id='word_1_16' title='bbox 339 351 634 404; x_wconf 80' lang='grc' dir='ltr'><em>ὁπλιτικῶν</em></span> <span class='ocrx_word' id='word_1_17' title='bbox 684 351 907 420; x_wconf 82' lang='grc' dir='ltr'><strong><em>μελέτης</em></strong></span> <span class='ocrx_word' id='word_1_18' title='bbox 966 351 1343 419; x_wconf 77' lang='grc' dir='ltr'><em>ἀποβέβληκεν</em></span> <span class='ocrx_word' id='word_1_19' title='bbox 1399 351 1431 418; x_wconf 83' lang='grc' dir='ltr'>ἡ</span> <span class='ocrx_word' id='word_1_20' title='bbox 1497 352 1676 418; x_wconf 82' lang='grc' dir='ltr'><em>πόλις,</em></span> <span class='ocrx_word' id='word_1_21' title='bbox 1731 349 1866 402; x_wconf 71' lang='grc' dir='ltr'><em>ἀλλὰ</em></span> 
     </span>
     <span class='ocr_line' id='line_1_4' title="bbox 178 436 1864 508; baseline 0 -17"><span class='ocrx_word' id='word_1_22' title='bbox 178 441 279 507; x_wconf 84' lang='grc' dir='ltr'><em>τὴν</em></span> <span class='ocrx_word' id='word_1_23' title='bbox 318 436 418 505; x_wconf 74' lang='grc' dir='ltr'><em>μὲν</em></span> <span class='ocrx_word' id='word_1_24' title='bbox 471 442 709 493; x_wconf 80' lang='grc' dir='ltr'><em>ἔπαυσεν</em></span> <span class='ocrx_word' id='word_1_25' title='bbox 749 441 778 493; x_wconf 89' lang='grc' dir='ltr'>ὁ</span> <span class='ocrx_word' id='word_1_26' title='bbox 819 443 1008 507; x_wconf 90' lang='grc' dir='ltr'><em>νόμος,</em></span> <span class='ocrx_word' id='word_1_27' title='bbox 1059 441 1160 508; x_wconf 83' lang='grc' dir='ltr'><em>τὴν</em></span> <span class='ocrx_word' id='word_1_28' title='bbox 1201 437 1261 492; x_wconf 78' lang='grc' dir='ltr'><em>δὲ</em></span> <span class='ocrx_word' id='word_1_29' title='bbox 1311 438 1572 508; x_wconf 77' lang='grc' dir='ltr'><em>ἐτήρησεν</em></span> <span class='ocrx_word' id='word_1_30' title='bbox 1611 440 1644 507; x_wconf 80' lang='grc' dir='ltr'>ἡ</span> <span class='ocrx_word' id='word_1_31' title='bbox 1684 439 1864 507; x_wconf 82' lang='grc' dir='ltr'><em>φύσις.</em></span> 
     </span>
     <span class='ocr_line' id='line_1_5' title="bbox 182 526 1867 598; baseline 0.001 -19"><span class='ocrx_word' id='word_1_32' title='bbox 182 527 299 580; x_wconf 76' lang='grc'><em>158.</em></span> <span class='ocrx_word' id='word_1_33' title='bbox 353 535 515 581; x_wconf 85' lang='grc' dir='ltr'><em>τοῦτο</em></span> <span class='ocrx_word' id='word_1_34' title='bbox 567 526 669 595; x_wconf 77' lang='grc' dir='ltr'><em>μὲν</em></span> <span class='ocrx_word' id='word_1_35' title='bbox 716 530 818 598; x_wconf 84' lang='grc' dir='ltr'><em>γὰρ</em></span> <span class='ocrx_word' id='word_1_36' title='bbox 871 533 1108 597; x_wconf 87' lang='grc' dir='ltr'><em>Περσῶν</em></span> <span class='ocrx_word' id='word_1_37' title='bbox 1158 527 1427 581; x_wconf 78' lang='grc' dir='ltr'><em>ἐπιόντων</em></span> <span class='ocrx_word' id='word_1_38' title='bbox 1474 529 1574 580; x_wconf 87' lang='grc' dir='ltr'><em>οὐκ</em></span> <span class='ocrx_word' id='word_1_39' title='bbox 1628 526 1867 595; x_wconf 84' lang='grc' dir='ltr'><em>ἠξίωσαν</em></span> 
     </span>
     <span class='ocr_line' id='line_1_6' title="bbox 179 615 1932 686; baseline 0 -18"><span class='ocrx_word' id='word_1_40' title='bbox 179 618 482 685; x_wconf 89' lang='grc' dir='ltr'><em>φεύγοντες</em></span> <span class='ocrx_word' id='word_1_41' title='bbox 522 623 791 685; x_wconf 78' lang='grc' dir='ltr'><em>σωθῆναι,</em></span> <span class='ocrx_word' id='word_1_42' title='bbox 833 616 950 669; x_wconf 79' lang='grc' dir='ltr'><em>ἀλλ’</em></span> <span class='ocrx_word' id='word_1_43' title='bbox 995 615 1216 684; x_wconf 80' lang='grc' dir='ltr'><em>ἔμειναν</em></span> <span class='ocrx_word' id='word_1_44' title='bbox 1256 616 1506 686; x_wconf 84' lang='grc' dir='ltr'><em>ἐχόμενοι</em></span> <span class='ocrx_word' id='word_1_45' title='bbox 1544 624 1640 685; x_wconf 82' lang='grc' dir='ltr'><em>τῆς</em></span> <span class='ocrx_word' id='word_1_46' title='bbox 1677 619 1867 685; x_wconf 92' lang='grc' dir='ltr'><em>πατρί-</em></span> <span class='ocrx_word' id='word_1_47' title='bbox 1914 638 1932 669; x_wconf 88' lang='lat'><strong>5</strong></span> 
     </span>
     <span class='ocr_line' id='line_1_7' title="bbox 179 704 1865 775; baseline 0 -18"><span class='ocrx_word' id='word_1_48' title='bbox 179 707 274 767; x_wconf 93' lang='grc' dir='ltr'><em>δος</em></span> <span class='ocrx_word' id='word_1_49' title='bbox 314 704 703 775; x_wconf 83' lang='grc' dir='ltr'><em>ἀκριβέστερον</em></span> <span class='ocrx_word' id='word_1_50' title='bbox 732 705 765 774; x_wconf 75' lang='grc' dir='ltr'>ἢ</span> <span class='ocrx_word' id='word_1_51' title='bbox 800 707 1228 772; x_wconf 91' lang='grc' dir='ltr'><em>Λακεδαιμόνιοι</em></span> <span class='ocrx_word' id='word_1_52' title='bbox 1259 714 1372 758; x_wconf 85' lang='grc' dir='ltr'><em>τῶν</em></span> <span class='ocrx_word' id='word_1_53' title='bbox 1403 705 1671 772; x_wconf 78' lang='grc' dir='ltr'><em>ἀσπίδων,</em></span> <span class='ocrx_word' id='word_1_54' title='bbox 1702 713 1865 757; x_wconf 87' lang='grc' dir='ltr'><em>τοῦτο</em></span> 
     </span>
     <span class='ocr_line' id='line_1_8' title="bbox 179 790 1866 862; baseline -0.001 -16"><span class='ocrx_word' id='word_1_55' title='bbox 179 790 239 846; x_wconf 75' lang='grc' dir='ltr'><em>δὲ</em></span> <span class='ocrx_word' id='word_1_56' title='bbox 278 795 377 847; x_wconf 92' lang='grc' dir='ltr'><em>τὸν</em></span> <span class='ocrx_word' id='word_1_57' title='bbox 409 794 467 846; x_wconf 82' lang='grc' dir='ltr'><em>ἐκ</em></span> <span class='ocrx_word' id='word_1_58' title='bbox 499 798 829 857; x_wconf 83' lang='grc' dir='ltr'><em>Σελευκείας</em></span> <span class='ocrx_word' id='word_1_59' title='bbox 868 796 1147 862; x_wconf 86' lang='grc' dir='ltr'><em>τύραννον</em></span> <span class='ocrx_word' id='word_1_60' title='bbox 1186 793 1446 862; x_wconf 80' lang='grc' dir='ltr'><em>ἐξαίφνης</em></span> <span class='ocrx_word' id='word_1_61' title='bbox 1478 794 1770 862; x_wconf 84' lang='grc' dir='ltr'><em>ἀναφύντα</em></span> <span class='ocrx_word' id='word_1_62' title='bbox 1809 813 1866 846; x_wconf 92' lang='grc' dir='ltr'><em>τε</em></span> 
     </span>
     <span class='ocr_line' id='line_1_9' title="bbox 176 880 1956 951; baseline 0.002 -17"><span class='ocrx_word' id='word_1_63' title='bbox 176 880 266 934; x_wconf 87' lang='grc' dir='ltr'><em>καὶ</em></span> <span class='ocrx_word' id='word_1_64' title='bbox 299 883 464 949; x_wconf 87' lang='grc' dir='ltr'><em>δεῦρο</em></span> <span class='ocrx_word' id='word_1_65' title='bbox 501 883 507 951; x_wconf 82' lang='grc' dir='ltr'>Ι</span> <span class='ocrx_word' id='word_1_66' title='bbox 544 884 864 936; x_wconf 84' lang='grc' dir='ltr'><em>εἰσπεσόντα</em></span> <span class='ocrx_word' id='word_1_67' title='bbox 895 886 1191 951; x_wconf 80' lang='grc' dir='ltr'><em>κατήνεγκε</em></span> <span class='ocrx_word' id='word_1_68' title='bbox 1214 892 1331 945; x_wconf 90' lang='grc' dir='ltr'><em>ταῖς</em></span> <span class='ocrx_word' id='word_1_69' title='bbox 1354 891 1466 935; x_wconf 85' lang='grc' dir='ltr'><em>τῶν</em></span> <span class='ocrx_word' id='word_1_70' title='bbox 1492 882 1773 935; x_wconf 84' lang='grc' dir='ltr'><em>ἐνοικούν-</em></span> <span class='ocrx_word' id='word_1_71' title='bbox 1805 894 1846 937; x_wconf 85' lang='lat' dir='ltr'><strong>R</strong></span> <span class='ocrx_word' id='word_1_72' title='bbox 1869 898 1956 937; x_wconf 81' lang='lat'><em>324</em></span> 
     </span>
     <span class='ocr_line' id='line_1_10' title="bbox 176 970 1867 1041; baseline 0.001 -19"><span class='ocrx_word' id='word_1_73' title='bbox 176 991 288 1023; x_wconf 91' lang='grc' dir='ltr'><em>των</em></span> <span class='ocrx_word' id='word_1_74' title='bbox 326 974 503 1040; x_wconf 86' lang='grc' dir='ltr'><em>χερσί,</em></span> <span class='ocrx_word' id='word_1_75' title='bbox 543 970 634 1023; x_wconf 83' lang='grc' dir='ltr'><em>καὶ</em></span> <span class='ocrx_word' id='word_1_76' title='bbox 674 970 846 1035; x_wconf 82' lang='grc' dir='ltr'><em>δεξιαὶ</em></span> <span class='ocrx_word' id='word_1_77' title='bbox 885 973 950 1024; x_wconf 82' lang='grc' dir='ltr'><em>τὰ</em></span> <span class='ocrx_word' id='word_1_78' title='bbox 990 971 1050 1024; x_wconf 82' lang='grc' dir='ltr'><em>ἐν</em></span> <span class='ocrx_word' id='word_1_79' title='bbox 1088 980 1204 1034; x_wconf 92' lang='grc' dir='ltr'><em>τοῖς</em></span> <span class='ocrx_word' id='word_1_80' title='bbox 1242 970 1619 1041; x_wconf 76' lang='grc' dir='ltr'><em>ἐργαστηρίοις</em></span> <span class='ocrx_word' id='word_1_81' title='bbox 1658 973 1867 1039; x_wconf 82' lang='grc' dir='ltr'><em>ὄργανα</em></span> 
     </span>
     <span class='ocr_line' id='line_1_11' title="bbox 178 1059 1933 1128; baseline 0.001 -17"><span class='ocrx_word' id='word_1_82' title='bbox 178 1059 404 1127; x_wconf 89' lang='grc' dir='ltr'><em>ἀφεῖσαι</em></span> <span class='ocrx_word' id='word_1_83' title='bbox 445 1061 778 1127; x_wconf 82' lang='grc' dir='ltr'><em>στρατιώτας</em></span> <span class='ocrx_word' id='word_1_84' title='bbox 819 1063 1019 1124; x_wconf 83' lang='grc' dir='ltr'><em>ζῶντας</em></span> <span class='ocrx_word' id='word_1_85' title='bbox 1058 1059 1118 1113; x_wconf 82' lang='grc' dir='ltr'><em>ἐν</em></span> <span class='ocrx_word' id='word_1_86' title='bbox 1154 1061 1338 1127; x_wconf 82' lang='grc' dir='ltr'><em>αἵματι</em></span> <span class='ocrx_word' id='word_1_87' title='bbox 1370 1060 1458 1112; x_wconf 80' lang='grc' dir='ltr'><em>καὶ</em></span> <span class='ocrx_word' id='word_1_88' title='bbox 1493 1062 1686 1128; x_wconf 87' lang='grc' dir='ltr'><em>φόνοις</em></span> <span class='ocrx_word' id='word_1_89' title='bbox 1719 1059 1867 1128; x_wconf 84' lang='grc' dir='ltr'><em>ἀφώ-</em></span> <span class='ocrx_word' id='word_1_90' title='bbox 1891 1079 1933 1112; x_wconf 91' lang='lat'><em>10</em></span> 
     </span>
     <span class='ocr_line' id='line_1_12' title="bbox 179 1151 397 1201; baseline 0 -1"><span class='ocrx_word' id='word_1_91' title='bbox 179 1151 397 1201; x_wconf 89' lang='grc' dir='ltr'><em>πλισαν.</em></span> 
     </span>
    </p>

    <p class='ocr_par' dir='ltr' id='par_1_3' title="bbox 179 1234 1867 1483">
     <span class='ocr_line' id='line_1_13' title="bbox 292 1234 1867 1305; baseline 0.001 -17"><span class='ocrx_word' id='word_1_92' title='bbox 292 1235 411 1289; x_wconf 82' lang='lat'>159.</span> <span class='ocrx_word' id='word_1_93' title='bbox 458 1237 680 1290; x_wconf 89' lang='grc' dir='ltr'><em>Κωλύει</em></span> <span class='ocrx_word' id='word_1_94' title='bbox 733 1234 794 1290; x_wconf 76' lang='grc' dir='ltr'><em>δὲ</em></span> <span class='ocrx_word' id='word_1_95' title='bbox 850 1235 1018 1290; x_wconf 78' lang='grc' dir='ltr'><em>οὐδὲν</em></span> <span class='ocrx_word' id='word_1_96' title='bbox 1072 1243 1226 1305; x_wconf 78' lang='grc' dir='ltr'><em>ἴσως,</em></span> <span class='ocrx_word' id='word_1_97' title='bbox 1283 1237 1429 1299; x_wconf 82' lang='grc' dir='ltr'><em>ὅπως</em></span> <span class='ocrx_word' id='word_1_98' title='bbox 1483 1238 1604 1305; x_wconf 81' lang='grc' dir='ltr'><em>ἔσχε</em></span> <span class='ocrx_word' id='word_1_99' title='bbox 1658 1238 1718 1289; x_wconf 91' lang='grc' dir='ltr'><em>τὸ</em></span> <span class='ocrx_word' id='word_1_100' title='bbox 1774 1244 1867 1304; x_wconf 81' lang='grc' dir='ltr'><em>τῆς</em></span> 
     </span>
     <span class='ocr_line' id='line_1_14' title="bbox 183 1324 1866 1395; baseline 0.001 -18"><span class='ocrx_word' id='word_1_101' title='bbox 183 1324 597 1388; x_wconf 78' lang='grc' dir='ltr'><em>ἐπαναστάσεως</em></span> <span class='ocrx_word' id='word_1_102' title='bbox 637 1327 899 1379; x_wconf 84' lang='grc' dir='ltr'><em>διελθεῖν.</em></span> <span class='ocrx_word' id='word_1_103' title='bbox 976 1326 1119 1378; x_wconf 83' lang='grc' dir='ltr'><em>οὕτω</em></span> <span class='ocrx_word' id='word_1_104' title='bbox 1160 1327 1263 1395; x_wconf 85' lang='grc' dir='ltr'><em>γὰρ</em></span> <span class='ocrx_word' id='word_1_105' title='bbox 1304 1326 1394 1378; x_wconf 81' lang='grc' dir='ltr'><em>καὶ</em></span> <span class='ocrx_word' id='word_1_106' title='bbox 1432 1325 1464 1393; x_wconf 82' lang='grc' dir='ltr'>ἡ</span> <span class='ocrx_word' id='word_1_107' title='bbox 1505 1334 1616 1378; x_wconf 86' lang='grc' dir='ltr'><em>τῶν</em></span> <span class='ocrx_word' id='word_1_108' title='bbox 1654 1345 1866 1393; x_wconf 83' lang='grc' dir='ltr'><em>νενικη-</em></span> 
     </span>
     <span class='ocr_line' id='line_1_15' title="bbox 179 1413 1114 1483; baseline 0 -17"><span class='ocrx_word' id='word_1_109' title='bbox 179 1415 356 1466; x_wconf 88' lang='grc' dir='ltr'><em>κότων</em></span> <span class='ocrx_word' id='word_1_110' title='bbox 397 1413 558 1482; x_wconf 83' lang='grc' dir='ltr'><em>ἀρετὴ</em></span> <span class='ocrx_word' id='word_1_111' title='bbox 598 1418 809 1483; x_wconf 81' lang='grc' dir='ltr'><em>μᾶλλον</em></span> <span class='ocrx_word' id='word_1_112' title='bbox 848 1423 1114 1483; x_wconf 91' lang='grc' dir='ltr'><em>φανεῖται.</em></span> 
     </span>
    </p>

    <p class='ocr_par' dir='ltr' id='par_1_4' title="bbox 178 1501 1935 2014">
     <span class='ocr_line' id='line_1_16' title="bbox 276 1501 1935 1572; baseline 0 -18"><span class='ocrx_word' id='word_1_113' title='bbox 276 1501 430 1570; x_wconf 71' lang='grc' dir='ltr'><em>’Ίλην</em></span> <span class='ocrx_word' id='word_1_114' title='bbox 482 1505 621 1571; x_wconf 83' lang='grc' dir='ltr'><em>ἔχων</em></span> <span class='ocrx_word' id='word_1_115' title='bbox 673 1503 913 1556; x_wconf 85' lang='grc' dir='ltr'><em>ὁπλιτῶν</em></span> <span class='ocrx_word' id='word_1_116' title='bbox 963 1502 1248 1572; x_wconf 82' lang='grc' dir='ltr'><em>ταξίαρχος</em></span> <span class='ocrx_word' id='word_1_117' title='bbox 1298 1501 1360 1555; x_wconf 89' lang='grc' dir='ltr'><em>ἐν</em></span> <span class='ocrx_word' id='word_1_118' title='bbox 1408 1504 1706 1572; x_wconf 77' lang='grc' dir='ltr'><em>Σελευκείᾳ</em></span> <span class='ocrx_word' id='word_1_119' title='bbox 1760 1502 1867 1555; x_wconf 86' lang='grc' dir='ltr'><em>διέ-</em></span> <span class='ocrx_word' id='word_1_120' title='bbox 1893 1522 1935 1555; x_wconf 91' lang='lat'><em>15</em></span> 
     </span>
     <span class='ocr_line' id='line_1_17' title="bbox 178 1590 1868 1662; baseline 0 -19"><span class='ocrx_word' id='word_1_121' title='bbox 178 1593 332 1660; x_wconf 88' lang='grc' dir='ltr'><em>τριβε</em></span> <span class='ocrx_word' id='word_1_122' title='bbox 381 1597 454 1662; x_wconf 76' lang='grc' dir='ltr'><em>τῷ</em></span> <span class='ocrx_word' id='word_1_123' title='bbox 506 1590 685 1658; x_wconf 86' lang='grc' dir='ltr'><em>λιμένι</em></span> <span class='ocrx_word' id='word_1_124' title='bbox 731 1592 831 1644; x_wconf 88' lang='grc' dir='ltr'><em>τὸν</em></span> <span class='ocrx_word' id='word_1_125' title='bbox 871 1595 1135 1644; x_wconf 80' lang='grc' dir='ltr'><em>εἴσπλουν</em></span> <span class='ocrx_word' id='word_1_126' title='bbox 1185 1591 1618 1661; x_wconf 82' lang='grc' dir='ltr'><em>ἀπεργαζόμενος</em></span> <span class='ocrx_word' id='word_1_127' title='bbox 1666 1592 1868 1659; x_wconf 82' lang='grc' dir='ltr'><em>βαθύν.</em></span> 
     </span>
     <span class='ocr_line' id='line_1_18' title="bbox 182 1676 1870 1752; baseline 0 -20"><span class='ocrx_word' id='word_1_128' title='bbox 182 1680 343 1742; x_wconf 86' lang='grc' dir='ltr'><em>εἰδὼς</em></span> <span class='ocrx_word' id='word_1_129' title='bbox 382 1676 442 1732; x_wconf 76' lang='grc' dir='ltr'><em>δὲ</em></span> <span class='ocrx_word' id='word_1_130' title='bbox 481 1678 609 1749; x_wconf 82' lang='grc' dir='ltr'><em>παρ’</em></span> <span class='ocrx_word' id='word_1_131' title='bbox 648 1681 780 1748; x_wconf 85' lang='grc' dir='ltr'><em>ἡμῖν</em></span> <span class='ocrx_word' id='word_1_132' title='bbox 812 1681 877 1732; x_wconf 87' lang='grc' dir='ltr'><em>οὐ</em></span> <span class='ocrx_word' id='word_1_133' title='bbox 917 1678 1239 1748; x_wconf 83' lang='grc' dir='ltr'><em>καθημένην</em></span> <span class='ocrx_word' id='word_1_134' title='bbox 1279 1680 1539 1749; x_wconf 84' lang='grc' dir='ltr'><em>στρατιὰν</em></span> <span class='ocrx_word' id='word_1_135' title='bbox 1577 1678 1668 1732; x_wconf 87' lang='grc' dir='ltr'><em>καὶ</em></span> <span class='ocrx_word' id='word_1_136' title='bbox 1707 1686 1781 1752; x_wconf 77' lang='grc' dir='ltr'><em>τῷ</em></span> <span class='ocrx_word' id='word_1_137' title='bbox 1813 1700 1870 1732; x_wconf 91' lang='grc' dir='ltr'><em>τε</em></span> 
     </span>
     <span class='ocr_line' id='line_1_19' title="bbox 178 1767 1869 1857; baseline -0.001 -36"><span class='ocrx_word' id='word_1_138' title='bbox 178 1767 306 1839; x_wconf 83' lang='grc' dir='ltr'><em>περὶ</em></span> <span class='ocrx_word' id='word_1_139' title='bbox 345 1769 444 1821; x_wconf 89' lang='grc' dir='ltr'><em>τὸν</em></span> <span class='ocrx_word' id='word_1_140' title='bbox 483 1767 658 1838; x_wconf 80' lang='grc' dir='ltr'><em>ὅρμον</em></span> <span class='ocrx_word' id='word_1_141' title='bbox 688 1770 842 1840; x_wconf 76' lang='grc' dir='ltr'><em>πόνῳ</em></span> <span class='ocrx_word' id='word_1_142' title='bbox 881 1767 1286 1836; x_wconf 84' lang='grc' dir='ltr'><em>κεκοσμημένος</em></span> <span class='ocrx_word' id='word_1_143' title='bbox 1322 1769 1414 1820; x_wconf 79' lang='grc' dir='ltr'><em>καὶ</em></span> <span class='ocrx_word' id='word_1_144' title='bbox 1452 1775 1516 1838; x_wconf 73' lang='grc' dir='ltr'><em>τῇ</em></span> <span class='ocrx_word' id='word_1_145' title='bbox 1555 1777 1666 1857; x_wconf 66' lang='grc' dir='ltr'><em>τῶν</em></span> <span class='ocrx_word' id='word_1_146' title='bbox 1696 1772 1869 1821; x_wconf 90' lang='grc' dir='ltr'><em>κωλυ-</em></span> 
     </span>
     <span class='ocr_line' id='line_1_20' title="bbox 183 1855 1870 1928; baseline 0 -19"><span class='ocrx_word' id='word_1_147' title='bbox 183 1858 399 1910; x_wconf 89' lang='grc' dir='ltr'><em>σόντων</em></span> <span class='ocrx_word' id='word_1_148' title='bbox 432 1855 627 1928; x_wconf 74' lang='grc' dir='ltr'><em>ἐρημίᾳ</em></span> <span class='ocrx_word' id='word_1_149' title='bbox 657 1858 760 1925; x_wconf 85' lang='grc' dir='ltr'><em>τὴν</em></span> <span class='ocrx_word' id='word_1_150' title='bbox 791 1855 985 1909; x_wconf 79' lang='grc' dir='ltr'><em>ἐλπίδα</em></span> <span class='ocrx_word' id='word_1_151' title='bbox 1017 1856 1203 1925; x_wconf 86' lang='grc' dir='ltr'><em>λαβὼν</em></span> <span class='ocrx_word' id='word_1_152' title='bbox 1241 1857 1574 1926; x_wconf 88' lang='grc' dir='ltr'><em>τυραννίδος</em></span> <span class='ocrx_word' id='word_1_153' title='bbox 1612 1855 1725 1927; x_wconf 80' lang='grc' dir='ltr'><em>ἐρᾷ.</em></span> <span class='ocrx_word' id='word_1_154' title='bbox 1780 1858 1870 1909; x_wconf 84' lang='grc' dir='ltr'><em>καὶ</em></span> 
     </span>
     <span class='ocr_line' id='line_1_21' title="bbox 181 1941 1935 2014; baseline -0.001 -17"><span class='ocrx_word' id='word_1_155' title='bbox 181 1945 282 1998; x_wconf 84' lang='grc' dir='ltr'><em>οὐκ</em></span> <span class='ocrx_word' id='word_1_156' title='bbox 315 1947 502 2011; x_wconf 82' lang='grc' dir='ltr'><em>ἔμελλε</em></span> <span class='ocrx_word' id='word_1_157' title='bbox 533 1947 643 2013; x_wconf 90' lang='grc' dir='ltr'><em>καί,</em></span> <span class='ocrx_word' id='word_1_158' title='bbox 674 1941 744 2012; x_wconf 81' lang='grc' dir='ltr'><em>ἧν</em></span> <span class='ocrx_word' id='word_1_159' title='bbox 773 1946 876 2013; x_wconf 79' lang='grc' dir='ltr'><em>γὰρ</em></span> <span class='ocrx_word' id='word_1_160' title='bbox 910 1943 1172 2013; x_wconf 82' lang='grc' dir='ltr'><em>ἁλουργὶς</em></span> <span class='ocrx_word' id='word_1_161' title='bbox 1205 1943 1472 2012; x_wconf 79' lang='grc' dir='ltr'><em>ἀγάλματι</em></span> <span class='ocrx_word' id='word_1_162' title='bbox 1502 1944 1867 2014; x_wconf 83' lang='grc' dir='ltr'><em>περικειμένη,</em></span> <span class='ocrx_word' id='word_1_163' title='bbox 1891 1964 1935 1997; x_wconf 83' lang='lat'><em>20</em></span> 
     </span>
    </p>
   </div>
   <div class='ocr_carea' id='block_1_3' title="bbox 183 2036 537 2042">
    <p class='ocr_par' dir='ltr' id='par_1_5' title="bbox 183 2036 537 2042">
     <span class='ocr_line' id='line_1_22' title="bbox 183 2036 537 2042; baseline 0 0"><span class='ocrx_word' id='word_1_164' title='bbox 183 2036 537 2042; x_wconf 95' lang='lat' dir='ltr'><em> </em></span> 
     </span>
    </p>
   </div>
   <div class='ocr_carea' id='block_1_4' title="bbox 181 2053 1871 2310">
    <p class='ocr_par' dir='ltr' id='par_1_6' title="bbox 181 2053 1871 2310">
     <span class='ocr_line' id='line_1_23' title="bbox 299 2053 1869 2133; baseline 0 -14"><span class='ocrx_word' id='word_1_165' title='bbox 299 2082 324 2120; x_wconf 99' lang='lat'>6</span> <span class='ocrx_word' id='word_1_166' title='bbox 357 2075 469 2119; x_wconf 86' lang='lat' dir='ltr'>Xen.</span> <span class='ocrx_word' id='word_1_167' title='bbox 496 2074 662 2119; x_wconf 82' lang='lat' dir='ltr'>Laced.</span> <span class='ocrx_word' id='word_1_168' title='bbox 692 2079 760 2129; x_wconf 84' lang='grc'><em>12,</em></span> <span class='ocrx_word' id='word_1_169' title='bbox 778 2080 805 2119; x_wconf 86' lang='grc'>4</span> <span class='ocrx_word' id='word_1_170' title='bbox 860 2074 999 2133; x_wconf 75' lang='lat' dir='ltr'><strong>[Plut.</strong></span> <span class='ocrx_word' id='word_1_171' title='bbox 1057 2053 1279 2131; x_wconf 76' lang='lat' dir='ltr'>apophth.</span> <span class='ocrx_word' id='word_1_172' title='bbox 1306 2074 1500 2118; x_wconf 81' lang='lat' dir='ltr'>Lacaen.</span> <span class='ocrx_word' id='word_1_173' title='bbox 1527 2090 1570 2131; x_wconf 86' lang='lat' dir='ltr'><em>p.</em></span> <span class='ocrx_word' id='word_1_174' title='bbox 1599 2080 1680 2118; x_wconf 85' lang='lat'><em>241</em></span> <span class='ocrx_word' id='word_1_175' title='bbox 1701 2075 1735 2118; x_wconf 86' lang='lat' dir='ltr'><strong>F</strong></span> <span class='ocrx_word' id='word_1_176' title='bbox 1763 2080 1787 2128; x_wconf 68' lang='grc' dir='ltr'>ξ</span> <span class='ocrx_word' id='word_1_177' title='bbox 1816 2080 1869 2119; x_wconf 90' lang='grc'><em>16</em></span> 
     </span>
     <span class='ocr_line' id='line_1_24' title="bbox 182 2133 1868 2191; baseline -0.001 -12"><span class='ocrx_word' id='word_1_178' title='bbox 182 2136 230 2179; x_wconf 73' lang='lat' dir='ltr'><em>et</em></span> <span class='ocrx_word' id='word_1_179' title='bbox 255 2139 308 2179; x_wconf 81' lang='lat'><em>17</em></span> <span class='ocrx_word' id='word_1_180' title='bbox 373 2135 429 2179; x_wconf 86' lang='lat' dir='ltr'><em>cf.</em></span> <span class='ocrx_word' id='word_1_181' title='bbox 463 2134 505 2178; x_wconf 88' lang='lat' dir='ltr'>H</span> <span class='ocrx_word' id='word_1_182' title='bbox 537 2139 606 2189; x_wconf 84' lang='grc'><em>86,</em></span> <span class='ocrx_word' id='word_1_183' title='bbox 636 2140 657 2178; x_wconf 93' lang='grc'><strong>1</strong></span> <span class='ocrx_word' id='word_1_184' title='bbox 683 2134 726 2177; x_wconf 80' lang='lat' dir='ltr'><em>R,</em></span> <span class='ocrx_word' id='word_1_185' title='bbox 848 2138 871 2176; x_wconf 83' lang='lat'><strong>7</strong></span> <span class='ocrx_word' id='word_1_186' title='bbox 904 2133 973 2177; x_wconf 82' lang='lat' dir='ltr'><em>De</em></span> <span class='ocrx_word' id='word_1_187' title='bbox 1043 2134 1214 2191; x_wconf 81' lang='lat' dir='ltr'>ugenio</span> <span class='ocrx_word' id='word_1_188' title='bbox 1247 2133 1304 2177; x_wconf 85' lang='lat' dir='ltr'><em>cf.</em></span> <span class='ocrx_word' id='word_1_189' title='bbox 1339 2147 1401 2178; x_wconf 88' lang='lat' dir='ltr'><em>or.</em></span> <span class='ocrx_word' id='word_1_190' title='bbox 1438 2138 1491 2176; x_wconf 84' lang='lat'><em>19</em></span> <span class='ocrx_word' id='word_1_191' title='bbox 1523 2149 1567 2190; x_wconf 93' lang='lat' dir='ltr'><em>p.</em></span> <span class='ocrx_word' id='word_1_192' title='bbox 1602 2139 1702 2189; x_wconf 85' lang='grc'><em>644,</em></span> <span class='ocrx_word' id='word_1_193' title='bbox 1730 2139 1782 2177; x_wconf 82' lang='grc'><em>17</em></span> <span class='ocrx_word' id='word_1_194' title='bbox 1802 2148 1868 2190; x_wconf 81' lang='lat' dir='ltr'><em>sq.</em></span> 
     </span>
     <span class='ocr_line' id='line_1_25' title="bbox 181 2192 1871 2310; baseline -0.001 -72"><span class='ocrx_word' id='word_1_195' title='bbox 181 2197 481 2310; x_wconf 51' lang='lat' dir='ltr'><strong>gt1gr.p2017pl</strong></span> <span class='ocrx_word' id='word_1_196' title='bbox 510 2198 610 2296; x_wconf 49' lang='grc' dir='ltr'><em>ἐξ,</em></span> <span class='ocrx_word' id='word_1_197' title='bbox 638 2200 660 2237; x_wconf 93' lang='grc'><strong>1</strong></span> <span class='ocrx_word' id='word_1_198' title='bbox 680 2208 745 2250; x_wconf 79' lang='lat' dir='ltr'><em>sq.</em></span> <span class='ocrx_word' id='word_1_199' title='bbox 771 2193 813 2236; x_wconf 84' lang='lat' dir='ltr'>R</span> <span class='ocrx_word' id='word_1_200' title='bbox 947 2197 1001 2236; x_wconf 92' lang='lat'><em>10</em></span> <span class='ocrx_word' id='word_1_201' title='bbox 1032 2193 1083 2236; x_wconf 88' lang='grc' dir='ltr'><em>Π.</em></span> <span class='ocrx_word' id='word_1_202' title='bbox 1117 2210 1142 2236; x_wconf 89' lang='grc' dir='ltr'><em>τ</em></span> <span class='ocrx_word' id='word_1_203' title='bbox 1174 2197 1259 2236; x_wconf 84' lang='grc'><em>214</em></span> <span class='ocrx_word' id='word_1_204' title='bbox 1396 2196 1447 2236; x_wconf 84' lang='grc'><em>18</em></span> <span class='ocrx_word' id='word_1_205' title='bbox 1474 2192 1642 2251; x_wconf 85' lang='lat' dir='ltr'>[Dem.]</span> <span class='ocrx_word' id='word_1_206' title='bbox 1677 2206 1739 2237; x_wconf 86' lang='lat' dir='ltr'><em>or.</em></span> <span class='ocrx_word' id='word_1_207' title='bbox 1764 2193 1871 2237; x_wconf 83' lang='lat' dir='ltr'><em>xm</em></span> 
     </span>
    </p>
   </div>
   <div class='ocr_carea' id='block_1_5' title="bbox 187 2331 542 2337">
    <p class='ocr_par' dir='ltr' id='par_1_7' title="bbox 187 2331 542 2337">
     <span class='ocr_line' id='line_1_26' title="bbox 187 2331 542 2337; baseline 0 0"><span class='ocrx_word' id='word_1_208' title='bbox 187 2331 542 2337; x_wconf 95' lang='lat' dir='ltr'><em> </em></span> 
     </span>
    </p>
   </div>
   <div class='ocr_carea' id='block_1_6' title="bbox 182 2367 1871 2544">
    <p class='ocr_par' dir='ltr' id='par_1_8' title="bbox 182 2367 1871 2544">
     <span class='ocr_line' id='line_1_27' title="bbox 302 2367 1871 2430; baseline 0.001 -16"><span class='ocrx_word' id='word_1_209' title='bbox 302 2376 324 2414; x_wconf 95' lang='lat'>1</span> <span class='ocrx_word' id='word_1_210' title='bbox 353 2368 400 2415; x_wconf 80' lang='grc' dir='ltr'><em>δ’</em></span> <span class='ocrx_word' id='word_1_211' title='bbox 427 2371 496 2415; x_wconf 79' lang='lat' dir='ltr'><em>Re</em></span> <span class='ocrx_word' id='word_1_212' title='bbox 524 2371 530 2430; x_wconf 85' lang='grc' dir='ltr'>Ι</span> <span class='ocrx_word' id='word_1_213' title='bbox 558 2367 784 2425; x_wconf 74' lang='grc' dir='ltr'><em>ἀνδρείαν</em></span> <span class='ocrx_word' id='word_1_214' title='bbox 810 2370 915 2413; x_wconf 91' lang='grc' dir='ltr'><em>ΜΒ</em></span> <span class='ocrx_word' id='word_1_215' title='bbox 941 2369 1039 2426; x_wconf 82' lang='lat' dir='ltr'>(sed</span> <span class='ocrx_word' id='word_1_216' title='bbox 1071 2386 1088 2413; x_wconf 87' lang='grc' dir='ltr'><em>ι</em></span> <span class='ocrx_word' id='word_1_217' title='bbox 1112 2382 1253 2426; x_wconf 79' lang='lat' dir='ltr'><strong>supra</strong></span> <span class='ocrx_word' id='word_1_218' title='bbox 1277 2385 1317 2413; x_wconf 87' lang='grc' dir='ltr'><em>ει</em></span> <span class='ocrx_word' id='word_1_219' title='bbox 1350 2383 1578 2426; x_wconf 82' lang='lat' dir='ltr'><strong>suprascr.</strong></span> <span class='ocrx_word' id='word_1_220' title='bbox 1605 2368 1691 2427; x_wconf 65' lang='grc' dir='ltr'><em>ιη’)</em></span> <span class='ocrx_word' id='word_1_221' title='bbox 1717 2370 1871 2415; x_wconf 83' lang='lat' dir='ltr'><em>MoGa</em></span> 
     </span>
     <span class='ocr_line' id='line_1_28' title="bbox 182 2428 1814 2486; baseline -0.001 -13"><span class='ocrx_word' id='word_1_222' title='bbox 182 2432 230 2474; x_wconf 76' lang='lat' dir='ltr'><em>et</em></span> <span class='ocrx_word' id='word_1_223' title='bbox 267 2442 323 2473; x_wconf 80' lang='lat' dir='ltr'><em>ex</em></span> <span class='ocrx_word' id='word_1_224' title='bbox 363 2428 564 2486; x_wconf 71' lang='grc' dir='ltr'><em>ἀνδρίαν</em></span> <span class='ocrx_word' id='word_1_225' title='bbox 603 2443 705 2474; x_wconf 81' lang='lat' dir='ltr'>corr</span> <span class='ocrx_word' id='word_1_226' title='bbox 734 2429 808 2475; x_wconf 77' lang='lat'><em>1³²</em></span> <span class='ocrx_word' id='word_1_227' title='bbox 957 2433 983 2471; x_wconf 85' lang='lat'><strong>2</strong></span> <span class='ocrx_word' id='word_1_228' title='bbox 1017 2428 1264 2474; x_wconf 80' lang='grc' dir='ltr'><em>ὁπλιτικῶν</em></span> <span class='ocrx_word' id='word_1_229' title='bbox 1304 2442 1406 2472; x_wconf 83' lang='lat' dir='ltr'><strong>con·</strong></span> <span class='ocrx_word' id='word_1_230' title='bbox 1446 2441 1501 2471; x_wconf 83' lang='lat' dir='ltr'><em>ex</em></span> <span class='ocrx_word' id='word_1_231' title='bbox 1532 2428 1731 2473; x_wconf 83' lang='grc' dir='ltr'><em>ὁπλιτῶν</em></span> <span class='ocrx_word' id='word_1_232' title='bbox 1754 2428 1814 2472; x_wconf 81' lang='lat'><em>1²</em></span> 
     </span>
     <span class='ocr_line' id='line_1_29' title="bbox 182 2487 1870 2544; baseline -0.001 -12"><span class='ocrx_word' id='word_1_233' title='bbox 182 2488 268 2532; x_wconf 83' lang='grc' dir='ltr'><em>ὁπλ</em></span> <span class='ocrx_word' id='word_1_234' title='bbox 331 2492 355 2532; x_wconf 86' lang='grc' dir='ltr'><strong>ὅ</strong></span> <span class='ocrx_word' id='word_1_235' title='bbox 388 2502 493 2532; x_wconf 84' lang='lat' dir='ltr'><em>cum</em></span> <span class='ocrx_word' id='word_1_236' title='bbox 522 2501 685 2533; x_wconf 77' lang='lat' dir='ltr'><strong>rasura</strong></span> <span class='ocrx_word' id='word_1_237' title='bbox 716 2493 741 2532; x_wconf 85' lang='lat'>2</span> <span class='ocrx_word' id='word_1_238' title='bbox 785 2487 865 2532; x_wconf 71' lang='lat' dir='ltr'><strong>litt</strong></span> <span class='ocrx_word' id='word_1_239' title='bbox 905 2488 1013 2544; x_wconf 78' lang='lat' dir='ltr'>post</span> <span class='ocrx_word' id='word_1_240' title='bbox 1042 2489 1066 2530; x_wconf 81' lang='grc' dir='ltr'><em>λ</em></span> <span class='ocrx_word' id='word_1_241' title='bbox 1105 2489 1153 2531; x_wconf 74' lang='lat' dir='ltr'><em>et</em></span> <span class='ocrx_word' id='word_1_242' title='bbox 1188 2501 1352 2531; x_wconf 76' lang='lat' dir='ltr'><strong>rasura</strong></span> <span class='ocrx_word' id='word_1_243' title='bbox 1389 2487 1438 2530; x_wconf 89' lang='lat' dir='ltr'><em>in</em></span> <span class='ocrx_word' id='word_1_244' title='bbox 1472 2503 1496 2531; x_wconf 91' lang='grc' dir='ltr'><em>ο</em></span> <span class='ocrx_word' id='word_1_245' title='bbox 1534 2488 1578 2533; x_wconf 91' lang='lat' dir='ltr'><em>U</em></span> <span class='ocrx_word' id='word_1_246' title='bbox 1613 2490 1870 2543; x_wconf 78' lang='grc' dir='ltr'><em>πολεμικῶν</em></span> 
     </span>
    </p>
   </div>
   <div class='ocr_carea' id='block_1_7' title="bbox 14 2534 1867 2614">
    <p class='ocr_par' dir='ltr' id='par_1_9' title="bbox 14 2534 1867 2614">
     <span class='ocr_line' id='line_1_30' title="bbox 14 2534 1867 2614; baseline 0.001 -25"><span class='ocrx_word' id='word_1_247' title='bbox 14 2534 17 2537; x_wconf 18' lang='grc' dir='ltr'><strong>Δ</strong></span> <span class='ocrx_word' id='word_1_248' title='bbox 95 2585 100 2589; x_wconf 86' lang='grc'><em>,</em></span> <span class='ocrx_word' id='word_1_249' title='bbox 183 2547 330 2592; x_wconf 73' lang='lat' dir='ltr'>Cobet</span> <span class='ocrx_word' id='word_1_250' title='bbox 357 2546 388 2590; x_wconf 91' lang='lat' dir='ltr'><em>l.</em></span> <span class='ocrx_word' id='word_1_251' title='bbox 414 2547 444 2591; x_wconf 95' lang='lat' dir='ltr'><em>l.</em></span> <span class='ocrx_word' id='word_1_252' title='bbox 479 2547 534 2592; x_wconf 85' lang='lat' dir='ltr'><em>cf.</em></span> <span class='ocrx_word' id='word_1_253' title='bbox 562 2547 705 2591; x_wconf 88' lang='lat' dir='ltr'>Thuc.</span> <span class='ocrx_word' id='word_1_254' title='bbox 731 2547 774 2590; x_wconf 88' lang='lat' dir='ltr'>H</span> <span class='ocrx_word' id='word_1_255' title='bbox 797 2551 868 2602; x_wconf 86' lang='lat'><em>39,</em></span> <span class='ocrx_word' id='word_1_256' title='bbox 889 2551 911 2590; x_wconf 89' lang='lat'>1</span> <span class='ocrx_word' id='word_1_257' title='bbox 944 2553 1046 2597; x_wconf 84' lang='grc' dir='ltr'><em>ταῖς</em></span> <span class='ocrx_word' id='word_1_258' title='bbox 1075 2553 1167 2591; x_wconf 88' lang='grc' dir='ltr'><em>τῶν</em></span> <span class='ocrx_word' id='word_1_259' title='bbox 1191 2549 1450 2603; x_wconf 80' lang='grc' dir='ltr'><em>πολεμικῶν</em></span> <span class='ocrx_word' id='word_1_260' title='bbox 1477 2545 1703 2614; x_wconf 72' lang='grc' dir='ltr'><em>μελέταις,</em></span> <span class='ocrx_word' id='word_1_261' title='bbox 1729 2549 1779 2590; x_wconf 74' lang='lat' dir='ltr'><em>at</em></span> <span class='ocrx_word' id='word_1_262' title='bbox 1811 2546 1867 2590; x_wconf 85' lang='lat' dir='ltr'><em>cf.</em></span> 
     </span>
    </p>
   </div>
   <div class='ocr_carea' id='block_1_8' title="bbox 0 2193 46 3162">
    <p class='ocr_par' dir='ltr' id='par_1_10' title="bbox 0 2193 46 3162">
     <span class='ocr_line' id='line_1_31' title="bbox 0 2193 46 3162; baseline 0 0"><span class='ocrx_word' id='word_1_263' title='bbox 0 2193 46 3162; x_wconf 95' lang='lat' dir='ltr'><em> </em></span> 
     </span>
    </p>
   </div>
   <div class='ocr_carea' id='block_1_9' title="bbox 181 2603 1873 2722">
    <p class='ocr_par' dir='ltr' id='par_1_11' title="bbox 181 2603 1873 2722">
     <span class='ocr_line' id='line_1_32' title="bbox 183 2603 1871 2664; baseline 0 -14"><span class='ocrx_word' id='word_1_264' title='bbox 183 2606 326 2650; x_wconf 76' lang='lat' dir='ltr'><strong>etiam</strong></span> <span class='ocrx_word' id='word_1_265' title='bbox 348 2621 393 2663; x_wconf 91' lang='lat' dir='ltr'><em>p.</em></span> <span class='ocrx_word' id='word_1_266' title='bbox 419 2611 521 2661; x_wconf 82' lang='lat'>490,</span> <span class='ocrx_word' id='word_1_267' title='bbox 539 2612 564 2651; x_wconf 90' lang='grc'>6</span> <span class='ocrx_word' id='word_1_268' title='bbox 666 2611 691 2651; x_wconf 83' lang='lat'>5</span> <span class='ocrx_word' id='word_1_269' title='bbox 718 2604 938 2664; x_wconf 77' lang='grc' dir='ltr'><em>ἐχόμενον</em></span> <span class='ocrx_word' id='word_1_270' title='bbox 957 2605 1042 2650; x_wconf 90' lang='lat' dir='ltr'><em>Mo</em></span> <span class='ocrx_word' id='word_1_271' title='bbox 1140 2610 1165 2649; x_wconf 89' lang='grc'>6</span> <span class='ocrx_word' id='word_1_272' title='bbox 1191 2606 1299 2660; x_wconf 77' lang='grc' dir='ltr'><em>ἀκρι</em></span> <span class='ocrx_word' id='word_1_273' title='bbox 1324 2607 1371 2649; x_wconf 77' lang='lat' dir='ltr'><em>et</em></span> <span class='ocrx_word' id='word_1_274' title='bbox 1395 2621 1449 2649; x_wconf 86' lang='lat' dir='ltr'><em>ov</em></span> <span class='ocrx_word' id='word_1_275' title='bbox 1472 2619 1523 2649; x_wconf 87' lang='lat' dir='ltr'><strong>m</strong></span> <span class='ocrx_word' id='word_1_276' title='bbox 1547 2603 1871 2664; x_wconf 79' lang='grc' dir='ltr'><em>ἀκριβέστερον</em></span> 
     </span>
     <span class='ocr_line' id='line_1_33' title="bbox 181 2663 1873 2722; baseline 0 -14"><span class='ocrx_word' id='word_1_277' title='bbox 181 2666 232 2709; x_wconf 87' lang='lat' dir='ltr'><em>in</em></span> <span class='ocrx_word' id='word_1_278' title='bbox 254 2679 330 2709; x_wconf 80' lang='lat' dir='ltr'><em>ras</em></span> <span class='ocrx_word' id='word_1_279' title='bbox 346 2665 397 2710; x_wconf 80' lang='lat'><em>1²</em></span> <span class='ocrx_word' id='word_1_280' title='bbox 500 2670 524 2710; x_wconf 81' lang='lat'><strong>7</strong></span> <span class='ocrx_word' id='word_1_281' title='bbox 547 2665 598 2711; x_wconf 82' lang='grc' dir='ltr'><em>τὲ</em></span> <span class='ocrx_word' id='word_1_282' title='bbox 628 2665 754 2710; x_wconf 84' lang='lat' dir='ltr'><strong>inser</strong></span> <span class='ocrx_word' id='word_1_283' title='bbox 778 2665 836 2710; x_wconf 83' lang='lat'><em>1²</em></span> <span class='ocrx_word' id='word_1_284' title='bbox 940 2669 967 2708; x_wconf 89' lang='lat'>8</span> <span class='ocrx_word' id='word_1_285' title='bbox 999 2665 1185 2720; x_wconf 82' lang='lat' dir='ltr'><em>„malim</em></span> <span class='ocrx_word' id='word_1_286' title='bbox 1215 2663 1534 2722; x_wconf 75' lang='grc' dir='ltr'><em>κατήνεγκαν“</em></span> <span class='ocrx_word' id='word_1_287' title='bbox 1558 2665 1627 2709; x_wconf 83' lang='lat' dir='ltr'><em>Re</em></span> <span class='ocrx_word' id='word_1_288' title='bbox 1687 2663 1716 2721; x_wconf 87' lang='grc' dir='ltr'>ἡ</span> <span class='ocrx_word' id='word_1_289' title='bbox 1740 2663 1873 2715; x_wconf 84' lang='grc' dir='ltr'><em>πόλις</em></span> 
     </span>
    </p>
   </div>
   <div class='ocr_carea' id='block_1_10' title="bbox 181 2739 1879 2988">
    <p class='ocr_par' dir='ltr' id='par_1_12' title="bbox 181 2739 1879 2988">
     <span class='ocr_line' id='line_1_34' title="bbox 184 2739 1879 2810; baseline -0.001 -13"><span class='ocrx_word' id='word_1_290' title='bbox 184 2756 294 2798; x_wconf 78' lang='lat' dir='ltr'><strong>ante</strong></span> <span class='ocrx_word' id='word_1_291' title='bbox 323 2752 578 2810; x_wconf 75' lang='grc' dir='ltr'><em>κατήνεγκε</em></span> <span class='ocrx_word' id='word_1_292' title='bbox 609 2754 836 2798; x_wconf 80' lang='lat' dir='ltr'><strong>excidisse</strong></span> <span class='ocrx_word' id='word_1_293' title='bbox 869 2752 1047 2797; x_wconf 81' lang='lat' dir='ltr'>conicio</span> <span class='ocrx_word' id='word_1_294' title='bbox 1180 2756 1234 2797; x_wconf 93' lang='grc'><em>10</em></span> <span class='ocrx_word' id='word_1_295' title='bbox 1266 2739 1428 2808; x_wconf 54' lang='lat' dir='ltr'><em>aspa&amp;</em></span> <span class='ocrx_word' id='word_1_296' title='bbox 1451 2753 1497 2797; x_wconf 90' lang='grc' dir='ltr'><strong><em>Ρ</em></strong></span> <span class='ocrx_word' id='word_1_297' title='bbox 1565 2751 1727 2809; x_wconf 72' lang='grc' dir='ltr'><em>αἵμασι</em></span> <span class='ocrx_word' id='word_1_298' title='bbox 1748 2751 1879 2796; x_wconf 83' lang='lat' dir='ltr'><em>AUI</em></span> 
     </span>
     <span class='ocr_line' id='line_1_35' title="bbox 181 2809 1813 2870; baseline -0.002 -13"><span class='ocrx_word' id='word_1_299' title='bbox 181 2813 251 2857; x_wconf 77' lang='lat' dir='ltr'><em>Re</em></span> <span class='ocrx_word' id='word_1_300' title='bbox 373 2817 427 2855; x_wconf 83' lang='lat'><em>12</em></span> <span class='ocrx_word' id='word_1_301' title='bbox 453 2809 501 2856; x_wconf 81' lang='grc' dir='ltr'><em>δ’</em></span> <span class='ocrx_word' id='word_1_302' title='bbox 527 2813 596 2856; x_wconf 81' lang='lat' dir='ltr'><em>Re</em></span> <span class='ocrx_word' id='word_1_303' title='bbox 718 2817 772 2856; x_wconf 88' lang='grc'><em>13</em></span> <span class='ocrx_word' id='word_1_304' title='bbox 805 2811 894 2870; x_wconf 76' lang='grc' dir='ltr'><em>γὰρ</em></span> <span class='ocrx_word' id='word_1_305' title='bbox 919 2825 995 2856; x_wconf 89' lang='lat' dir='ltr'><em>om</em></span> <span class='ocrx_word' id='word_1_306' title='bbox 1020 2812 1105 2857; x_wconf 88' lang='lat' dir='ltr'><em>Mo</em></span> <span class='ocrx_word' id='word_1_307' title='bbox 1226 2817 1281 2856; x_wconf 84' lang='lat'><em>15</em></span> <span class='ocrx_word' id='word_1_308' title='bbox 1314 2828 1331 2855; x_wconf 92' lang='grc' dir='ltr'><em>ι</em></span> <span class='ocrx_word' id='word_1_309' title='bbox 1361 2811 1412 2855; x_wconf 87' lang='lat' dir='ltr'><em>in</em></span> <span class='ocrx_word' id='word_1_310' title='bbox 1442 2809 1545 2868; x_wconf 72' lang='grc' dir='ltr'><em>ῖλην</em></span> <span class='ocrx_word' id='word_1_311' title='bbox 1568 2811 1618 2854; x_wconf 92' lang='lat' dir='ltr'><em>in</em></span> <span class='ocrx_word' id='word_1_312' title='bbox 1639 2824 1716 2855; x_wconf 77' lang='lat' dir='ltr'><em>ras</em></span> <span class='ocrx_word' id='word_1_313' title='bbox 1740 2811 1813 2855; x_wconf 70' lang='lat' dir='ltr'><em>P*</em></span> 
     </span>
     <span class='ocr_line' id='line_1_36' title="bbox 185 2869 1870 2928; baseline -0.001 -13"><span class='ocrx_word' id='word_1_314' title='bbox 185 2876 240 2915; x_wconf 90' lang='grc'><em>16</em></span> <span class='ocrx_word' id='word_1_315' title='bbox 274 2869 575 2928; x_wconf 76' lang='grc' dir='ltr'><em>ἐργαζόμενος</em></span> <span class='ocrx_word' id='word_1_316' title='bbox 600 2873 685 2916; x_wconf 88' lang='lat' dir='ltr'><em>Mo</em></span> <span class='ocrx_word' id='word_1_317' title='bbox 807 2875 860 2914; x_wconf 76' lang='lat'><em>17</em></span> <span class='ocrx_word' id='word_1_318' title='bbox 892 2874 956 2915; x_wconf 79' lang='grc' dir='ltr'><em>τῶ</em></span> <span class='ocrx_word' id='word_1_319' title='bbox 981 2884 1006 2914; x_wconf 84' lang='lat' dir='ltr'>e</span> <span class='ocrx_word' id='word_1_320' title='bbox 1028 2869 1081 2916; x_wconf 88' lang='grc' dir='ltr'><em>τό</em></span> <span class='ocrx_word' id='word_1_321' title='bbox 1114 2884 1215 2915; x_wconf 81' lang='lat' dir='ltr'>corr</span> <span class='ocrx_word' id='word_1_322' title='bbox 1237 2871 1299 2914; x_wconf 86' lang='lat' dir='ltr'><em>M</em></span> <span class='ocrx_word' id='word_1_323' title='bbox 1308 2870 1326 2895; x_wconf 80' lang='lat'>²</span> <span class='ocrx_word' id='word_1_324' title='bbox 1352 2872 1359 2926; x_wconf 86' lang='grc' dir='ltr'>Ι</span> <span class='ocrx_word' id='word_1_325' title='bbox 1384 2886 1432 2915; x_wconf 86' lang='grc' dir='ltr'><em>τε</em></span> <span class='ocrx_word' id='word_1_326' title='bbox 1457 2883 1533 2914; x_wconf 91' lang='lat' dir='ltr'><em>om</em></span> <span class='ocrx_word' id='word_1_327' title='bbox 1558 2870 1644 2914; x_wconf 86' lang='lat' dir='ltr'><em>Mo</em></span> <span class='ocrx_word' id='word_1_328' title='bbox 1765 2873 1820 2913; x_wconf 91' lang='lat'><em>18</em></span> <span class='ocrx_word' id='word_1_329' title='bbox 1845 2885 1870 2913; x_wconf 93' lang='grc' dir='ltr'><em>ο</em></span> 
     </span>
     <span class='ocr_line' id='line_1_37' title="bbox 183 2917 1396 2988; baseline 0 -14"><span class='ocrx_word' id='word_1_330' title='bbox 183 2930 232 2974; x_wconf 85' lang='lat' dir='ltr'><em>in</em></span> <span class='ocrx_word' id='word_1_331' title='bbox 265 2927 406 2988; x_wconf 81' lang='grc' dir='ltr'><em>ὅρμον</em></span> <span class='ocrx_word' id='word_1_332' title='bbox 437 2930 487 2973; x_wconf 89' lang='lat' dir='ltr'><em>in</em></span> <span class='ocrx_word' id='word_1_333' title='bbox 516 2943 593 2974; x_wconf 83' lang='lat' dir='ltr'><em>ras</em></span> <span class='ocrx_word' id='word_1_334' title='bbox 618 2930 682 2974; x_wconf 78' lang='lat'><em>1³²</em></span> <span class='ocrx_word' id='word_1_335' title='bbox 818 2934 873 2973; x_wconf 91' lang='grc'><em>20</em></span> <span class='ocrx_word' id='word_1_336' title='bbox 907 2917 1087 2987; x_wconf 64' lang='grc' dir='ltr'><em>ἔμελλεν</em></span> <span class='ocrx_word' id='word_1_337' title='bbox 1116 2924 1176 2986; x_wconf 82' lang='grc' dir='ltr'><em>ἦν</em></span> <span class='ocrx_word' id='word_1_338' title='bbox 1201 2929 1396 2974; x_wconf 87' lang='grc' dir='ltr'><em>ΒΜΜο</em></span> 
     </span>
    </p>
   </div>
  </div>
 </body>
</html>
