2090 3162
754 119 976 164 LIBANII
1009 120 1228 165 ORATIO
1260 121 1322 164 XI
1761 123 1867 175 439

201 264 317 318 τοῖς
355 262 608 325 παροῦσι,
647 257 747 325 τὴν
786 254 834 308 δ’
874 252 975 309 οὗν
1013 258 1339 324 παραίτησιν
1370 265 1467 310 τοῦ
1499 259 1570 326 μὴ
1602 260 1869 326 πρότερον

204 343 475 413 εἰρηκέναι
514 345 659 413 παρὰ
697 352 791 412 τῆς
829 346 1045 413 γνώμης
1083 347 1226 414 ἔχειν
1265 347 1413 397 ἔσται
1451 366 1557 413 μοι.

315 433 362 484 6.
414 433 624 485 Κοινὸν
671 433 772 500 μὲν
810 429 913 486 οὖν
962 442 1071 485 τῶν
1109 431 1548 501 ἐγκωμιαζόντων
1587 437 1717 498 ἔθος
1764 437 1868 488 λεί-

205 526 406 573 πεσθαι
455 521 688 589 φάσκειν
738 522 837 589 τὴν
886 522 1069 574 αὑτῶν
1118 521 1412 575 ἀσθένειαν
1457 531 1553 575 τοῦ
1598 522 1869 591 μεγέθους

202 618 313 662 τῶν
350 606 527 678 ἔργων
566 603 649 672 οἷς
685 610 1024 680 προσάγουσι
1062 611 1160 662 τὸν
1199 612 1382 678 λόγον,
1420 609 1508 662 καὶ
1541 612 1868 680 συγγνώμην
1914 633 1932 664 5

204 699 376 751 αἰτεῖν
407 698 552 766 παρὰ
581 707 691 750 τῶν
729 697 1062 766 ἀκουόντων,
1101 699 1149 751 εἰ
1187 700 1513 766 βουλόμενοι
1551 707 1645 768 τῆς
1684 698 1865 769 ἀξιάςΙ

202 785 368 854 ἐγγὺς
417 785 604 839 ἐλθεῖν
644 787 865 849 ἄκοντες
915 785 1170 849 ἐλάττους
1218 788 1518 854 γίγνοιντο·
1568 786 1672 855 ἐγὼ
1721 784 1779 840 δὲ
1811 800 1850 842 R
1871 805 1956 843 277

202 875 409 942 ταύτην
447 873 656 945 ἐμαυτῷ
696 873 1076 942 ἁπανταχόθεν
1120 875 1355 943 ἡγοῦμαι
1400 878 1711 943 προσήκειν,
1757 885 1870 938 τοῖς

204 963 266 1015 δὲ
305 964 487 1024 ἄλλοις
526 961 647 1015 οὐδ’
693 962 953 1030 ὁθενοῦν,
995 963 1188 1016 ὁπόσοι
1226 963 1362 1031 πρὸς
1399 963 1563 1031 τήνδε
1600 964 1699 1031 τὴν
1736 964 1869 1017 ὑπό-

203 1057 367 1104 θεσιν
406 1052 677 1120 ὥρμησαν.
742 1050 787 1102 7.
827 1059 941 1114 τοῖς
978 1051 1079 1119 μὲν
1117 1052 1220 1119 γὰρ
1261 1052 1500 1104 ἄλλοθεν
1538 1049 1869 1105 ἐπελθοῦσιν
1893 1075 1934 1106 ιο

204 1139 307 1192 οὐκ
337 1135 406 1207 ἧν
445 1139 650 1208 ἀνάγκη
683 1146 780 1191 τοῦ
814 1141 1000 1207 λόγου,
1042 1139 1178 1191 ἀλλὰ
1209 1138 1456 1207 λέγοντες
1486 1139 1587 1207 μὲν
1616 1149 1870 1209 τεχνικῶς

202 1225 495 1297 ἐχαρίζοντ’
535 1229 620 1295 ἄν,
659 1235 819 1280 τοῦτο
860 1227 922 1280 δὲ
958 1229 1030 1296 μὴ
1070 1235 1357 1290 ποιοῦντες
1395 1228 1496 1281 οὐκ
1534 1227 1604 1280 ἂν
1640 1227 1870 1281 ἐδόκουν

203 1317 388 1385 φορὰν
426 1315 728 1384 ἀναγκαίαν
765 1315 1056 1369 ἐκλείπειν·
1096 1316 1124 1369 ὁ
1166 1316 1226 1368 δὲ
1263 1317 1453 1386 κύριος
1491 1317 1569 1368 ὢν
1608 1317 1782 1369 εἰπεῖν
1813 1336 1870 1369 τε

202 1403 294 1457 καὶ
344 1407 441 1473 μή,
494 1405 781 1473 τυγχάνων
829 1401 930 1473 μὲν
981 1412 1074 1472 τῆς
1132 1405 1374 1472 σπουδῆς
1428 1403 1652 1458 ἐπαίνου
1706 1403 1870 1471 ἄξιος,

203 1491 530 1562 ἁμαρτάνων
569 1493 630 1546 δὲ
668 1489 797 1546 οὐδὲ
846 1494 1183 1561 συγγνώμης.
1261 1492 1307 1544 8.
1355 1486 1396 1564 ᾧ
1430 1493 1532 1562 γὰρ
1572 1491 1697 1561 ἐξῆν
1734 1490 1870 1561 μηδὲ
1894 1514 1935 1546 15

200 1588 531 1648 καταστῆναι
576 1582 676 1650 τὴν
715 1580 887 1651 ἀρχὴν
926 1582 1003 1643 εἰς
1046 1582 1417 1651 παραιτήσεως
1462 1582 1665 1650 χρείαν,
1713 1576 1872 1643 οὗτος

203 1668 346 1723 ἑκὼν
384 1670 462 1732 εἰς
508 1670 609 1738 τὴν
657 1671 846 1739 χρείαν
891 1668 1056 1738 ἐμβὰς
1102 1670 1323 1732 δικαίως
1369 1667 1439 1722 ἂν
1475 1677 1569 1738 τῆς
1613 1671 1871 1737 παραιτή-

203 1772 340 1821 σεως
379 1755 639 1828 στέροιτο.
708 1756 828 1827 ἐμοὶ
868 1758 928 1811 δὲ
965 1759 1102 1827 πρὸς
1138 1759 1237 1811 τὸν
1276 1759 1445 1825 λόγον
1483 1757 1589 1810 ὑπὸ
1628 1766 1739 1810 τῶν
1777 1764 1872 1824 τῆς

202 1847 465 1916 πατρίδος
518 1844 788 1918 ἑλκομένῳ
836 1847 1064 1899 δικαίων
1107 1844 1199 1899 καὶ
1251 1839 1294 1918 ᾧ
1342 1846 1503 1899 δυοῖν
1547 1842 1617 1914 ἦν
1664 1844 1869 1913 ἀνάγκη

203 1935 460 2004 θάτερον,
499 1933 532 2003 ἢ
571 1933 752 2003 λέγειν
783 1934 1039 1988 ὁπωσοῦν
1069 1934 1173 1987 ἀπὸ
1204 1943 1315 1987 τῶν
1345 1935 1630 2003 παρόντων
1660 1932 1693 2002 ἢ
1732 1939 1870 2005 κακᾷ
1894 1954 1938 1986 20

324 2159 347 2198 1
379 2153 465 2210 τὴν
506 2160 619 2210 γοῦν
659 2152 821 2196 Iacobs
892 2167 1004 2196 num
1041 2152 1124 2209 τὴν
1156 2151 1207 2198 δὲ
1245 2157 1394 2210 γοῦνὶ>
1542 2156 1567 2195 3
1611 2151 1670 2207 μὴ
1715 2150 1814 2195 Mor

204 2211 654 2346 ῒαῖῗζῶιμέτίιὸὲθθῆᾱ
677 2209 1023 2327 οἷμιῗιτῗῧᾶδόγ
995 2227 1106 2316 Οἳιυς
1128 2213 1262 2314 Bflgo
1273 2227 1379 2314 δ’τθ
1397 2210 1477 2315 ἰδὲ
1503 2211 1617 2314 Οοιοτι·
1647 2208 1871 2325 Ιὸθῗτίξενι

205 2327 312 2376 οὐδ’
358 2322 561 2375 ὁθενοῦν
596 2330 760 2387 scripsi
799 2343 824 2374 e
854 2331 900 2374 P
936 2332 983 2373 et
1011 2330 1047 2372 Ι
1078 2328 1160 2373 sed
1204 2329 1253 2372 in
1296 2328 1382 2372 hoc
1419 2331 1509 2372 θεν
1546 2329 1595 2371 in
1627 2340 1703 2371 ras
1746 2326 1814 2371 m¹

206 2387 310 2434 οὐδ’
362 2387 566 2434 ὄθενονν
614 2390 659 2435 U
741 2388 879 2434 οὐδὲν
925 2385 1009 2432 οὖν
1054 2388 1093 2432 0
1133 2387 1214 2432 sed
1261 2385 1375 2431 ὅθεν
1422 2383 1505 2431 οὖν
1551 2399 1788 2443 suprapoe.
1835 2400 1869 2436 s

203 2450 254 2492 et
283 2447 384 2492 Mor
454 2448 680 2493 οὐδὲνοῦν
713 2450 797 2493 Μο
871 2446 975 2491 οὐδ’
1004 2445 1162 2491 ὁτιοῦν
1185 2447 1229 2490 Α
1261 2442 1383 2490 sed’
1388 2461 1516 2490 οτιου
1546 2446 1595 2489 in
1625 2458 1700 2489 ras
1731 2444 1872 2489 trium

210 2507 285 2551 vel
318 2508 539 2562 quattuor
571 2507 848 2561 litteranzm,
885 2508 931 2551 13
955 2505 1098 2563 sedy
1099 2506 1269 2560 ρούὃα
1271 2512 1382 2561 gub-9
1419 2504 1681 2549 οὐδενοῦν
1667 2518 1716 2548 ιιι
1739 2516 1871 2559 marg

205 2565 291 2619 ιη’,
324 2566 390 2611 Ga
401 2565 531 2610 etRe
591 2566 835 2611 οὐδοτιοῦν
861 2567 922 2610 Μ
1038 2569 1092 2608 13
1099 2521 1344 2609 ρέλλείπειν
1371 2563 1631 2608 MBMoc'a
1660 2562 1718 2607 ef.
1735 2562 1869 2606 Paua

205 2625 247 2668 X
273 2629 342 2678 11,
366 2630 392 2668 2
425 2624 486 2676 ὡς
515 2624 566 2670 δὲ
596 2625 688 2669 ὑπὸ
718 2621 972 2681 ἀπληστίας
1002 2620 1211 2677 ἐξέλιπον
1239 2622 1323 2678 τὴν
1353 2620 1508 2678 φοράν
1655 2625 1710 2665 14
1741 2618 1872 2666 ἐπαὶ-

205 2701 299 2728 νων
331 2684 405 2728 UI
428 2682 510 2727 sed
539 2683 589 2727 ἰιι
619 2683 707 2728 hoc
738 2699 793 2728 ov
825 2695 1050 2740 suprascr.
1082 2681 1153 2726 m'
1170 2681 1323 2727 MoGa
1394 2685 1528 2737 τιμῆς
1550 2681 1596 2725 Β
1731 2685 1785 2724 15
1817 2680 1873 2723 οὐ

207 2743 360 2788 MoGa
502 2746 557 2787 16
586 2741 821 2799 τηναρχὴν
844 2742 891 2786 Β
921 2743 968 2785 et
998 2753 1024 2784 e
1054 2740 1138 2797 τὴν
1169 2741 1227 2795 ἀρ
1202 2739 1367 2842 §hv
1345 2752 1446 2783 corr
1469 2738 1525 2783 1⁸
1558 2741 1565 2795 Ι
1598 2737 1743 2789 οὕτως
1772 2738 1875 2782 Μοι-

267 2805 321 2844 17
354 2818 407 2857 γρ
441 2801 555 2860 ἔχων
586 2801 688 2845 Μοι·
723 2802 774 2845 in
810 2814 944 2858 marg
985 2804 990 2854 Ι
1031 2816 1087 2857 γρ
1118 2815 1187 2850 τις
1265 2813 1317 2843 or
1352 2797 1403 2841 in
1431 2809 1533 2842 mar
1604 2797 1700 2854 Ιές
1730 2798 1815 2842 Mo

206 2864 264 2904 18
305 2867 507 2962 στερᾶιῑτο
537 2859 657 2962 Reli
763 2863 818 2903 19
850 2859 929 2904 καὶ
970 2872 1047 2903 om
1075 2858 1178 2903 Mor
1218 2858 1225 2916 Ι
1266 2852 1326 2914 ἦν
1356 2870 1431 2900 om
1578 2855 1660 2901 sed
1698 2855 1747 2900 ιιι
1786 2855 1874 2900 hoc

203 2931 367 2963 rasura
427 2931 591 2962 aarum
643 2918 700 2962 tt
