2094 3202
289 115 394 167 324
835 115 1059 157 LIBANII
1091 113 1429 157 ORATIONES

436 256 500 301 62
569 252 877 318 αὐτοκράτωρ
919 253 1164 311 ἰουλιανὸς
1202 258 1265 319 τῷ
1300 251 1468 320 ἑταίρῳ
1517 252 1740 321 λιβανίῳ·
1790 249 1967 300 ἀποδέ-

291 327 448 385 δωκας
488 326 800 391 αριστοφάνει
842 322 934 392 (=
969 344 1040 387 ep.
1078 329 1144 373 74
1177 320 1359 391 Hertl.)

435 403 527 448 62v
545 400 764 463 λιβάνιος
790 400 1040 448 ἰουλιανῶ·
1067 398 1159 464 ἐγὼ
1186 397 1273 462 μὲν
1291 398 1605 464 ἀριστοφάνει
1620 393 1700 466 (=
1715 416 1787 460 ep.
1806 401 1910 447 670
1923 393 1964 464 ¹)

434 476 498 522 63
563 473 683 538 πρὸς
722 473 982 522 θεοδόσιον
1022 472 1106 521 τὸν
1145 470 1342 537 βασιλέα
1381 471 1489 537 περὶ
1528 479 1614 536 τῆς
1652 472 1863 531 στάσεως

436 548 502 594 68
566 546 686 612 πρὸς
725 547 986 596 θεοδόσιον
1024 547 1108 596 τὸν
1148 544 1345 611 βασιλέα
1384 545 1462 594 ἐπὶ
1500 551 1604 604 ταῖς
1644 547 1922 611 διαλλαγαῖς

366 652 370 656 -
439 623 530 667 72v
570 619 626 667 τὰ
666 618 879 683 ὀνόματα
919 628 1015 668 τῶν
1055 622 1104 684 ιβ
1137 628 1307 684 μηνῶν
1347 627 1433 667 τοῦ
1473 619 1699 668 ἐνιαυτοῦ
1738 618 1838 668 ὑπὸ
1877 619 1967 685 ῥω-

288 693 460 757 μαίων,
501 694 800 757 μακεδόνων,
840 693 1065 758 ἓβραίων,
1106 694 1391 759 αἰγυπτίων,
1427 692 1658 758 ἓλλήνων,
1691 691 1966 757 ἀθηναίων.

437 769 502 815 73
566 768 865 831 Λιβανίου
907 766 1135 831 μελέται

566 840 686 905 ἔχων
725 860 796 899 τις
834 846 1042 906 γυναῖκα
1082 839 1162 889 καὶ
1202 839 1271 889 ὢν
1309 840 1407 890 ὑπὸ
1446 839 1590 907 πατρὶ

443 916 534 962 75v
574 915 878 980 φιλαργύρου
918 919 1032 973 παῖς
1070 911 1353 980 ἀριστεύσας
1392 910 1569 984 ᾔτησεν

443 989 507 1035 78
570 988 719 1051 νόμος
758 988 841 1037 τὸν
879 987 1106 1053 «εὑρόντα4
1126 987 1385 1054 θησαυρὸν

434 1063 500 1109 82
565 1062 708 1125 φήμη
749 1055 812 1125 ἦν
851 1066 1070 1110 συνεῖναι
1110 1062 1194 1111 τὸν
1233 1062 1469 1111 πλούσιον

438 1137 503 1182 86
568 1134 659 1182 δύο
699 1155 768 1193 τις
808 1134 928 1199 ἔχων
967 1136 1144 1194 παῖδας
1183 1136 1268 1185 τὸν
1307 1134 1467 1201 ἕτερον

436 1211 499 1256 91
566 1208 814 1274 φθονερὸς
851 1216 936 1257 τοῦ
975 1210 1189 1274 γείτονος
1227 1208 1378 1258 αὐτοῦ
1418 1208 1781 1273 πλουτήσαντος

436 1285 499 1329 96
565 1282 800 1340 δύσκολος
838 1282 985 1331 λάλον
1023 1283 1182 1348 γήμας
1220 1287 1429 1348 γυναῖκα

400 1358 503 1404 100
564 1355 717 1419 νόμος
755 1355 839 1404 τὸν
877 1356 1120 1422 τύραννον
1160 1356 1226 1421 μὴ
1266 1356 1546 1405 θάπτεσθαι

401 1431 502 1478 103
565 1429 718 1493 νόμος
756 1429 840 1479 τὸν
879 1429 1106 1495 θορύβου
1145 1429 1227 1479 καὶ
1265 1430 1476 1489 στάσεως
1514 1430 1671 1479 αἴτιον

401 1505 501 1551 107
565 1501 716 1566 νόμος
739 1503 823 1553 τὸν
847 1501 1198 1552 ἀποκτείναντα
1221 1504 1464 1570 τύραννον
1490 1499 1584 1571 (=
1612 1503 1798 1554 Choria.
1822 1522 1870 1567 p.
1898 1507 1966 1553 49

289 1578 361 1625 ed.
400 1570 595 1642 Boiss.).
658 1577 716 1624 In
755 1578 975 1640 margine
1015 1581 1254 1640 scriptum
1293 1580 1388 1626 est:
1427 1585 1514 1626 τοῦ
1552 1578 1784 1643 χωρικίου
1823 1577 1968 1642 ἔστιν,

292 1648 358 1709 ὡς
396 1648 487 1715 ἐγὼ
528 1645 673 1713 οἶμαι.

402 1725 502 1772 112
552 1719 658 1772 ’Ότι
695 1723 950 1788 πλάσματα
988 1724 1145 1790 λόγων
1184 1723 1425 1790 ἐρωτικῶν
1465 1719 1558 1792 (--
1578 1725 1719 1774 Ohor.
1744 1743 1791 1787 p.
1823 1719 1966 1792 198).

567 1794 598 1860 ἡ
647 1797 852 1856 διάλεξις
897 1798 966 1856 εἰς
1011 1797 1064 1846 τὸ
1113 1797 1179 1861 μὴ
1227 1798 1331 1847 δεῖν
1374 1802 1662 1861 καταλεῖψαι
1701 1798 1785 1848 τὸν
1824 1799 1969 1865 λόγον

318 1893 386 1910 =
421 1870 606 1919 Choria.
645 1889 692 1933 p.
728 1866 856 1938 201)

569 1941 599 2007 ἡ
641 1944 846 2004 διάλεξις
885 1944 976 2010 ἔχει
1016 1943 1103 2008 μὲν
1143 1945 1194 1994 τὸ
1236 1945 1384 2010 ῥόδον
1425 1940 1511 2013 (ib.
1550 1964 1597 2008 p.
1634 1941 1764 2013 202)

568 2015 599 2081 ἡ
633 2018 839 2077 διάλεξις
870 2019 1130 2082 πεποίηται
1162 2017 1248 2082 μὲν
1280 2018 1402 2085 πρὸς
1432 2019 1484 2070 τὸ
1517 2020 1619 2068 δεῖν
1653 2015 1740 2086 (ib.
1765 2037 1812 2082 p.
1838 2015 1967 2087 203)

403 2094 504 2140 113
569 2097 634 2158 τῷ
673 2092 1041 2158 κατορθώσαντι
1079 2092 1291 2156 πόλεμον

405 2167 508 2214 120
568 2164 801 2224 πλούσιος
838 2164 1120 2231 ἀριστεύσας
1157 2164 1336 2230 ’ἥτησεν
1373 2166 1442 2225 εἰς
1480 2166 1571 2230 τὴν
1610 2166 1799 2233 δωρεὰν

405 2240 507 2286 123
572 2238 809 2298 δικάζεται
847 2239 1088 2288 ποσειδῶν
1125 2236 1230 2304 ἄρει

407 2313 508 2360 126
571 2311 624 2361 ἐκ
662 2319 748 2362 τοῦ
786 2311 1010 2361 ἐναντίου
1050 2311 1075 2362 ὅ
1115 2310 1239 2379 ἅρης

406 2387 508 2434 128
572 2384 769 2435 διέσωσέ
805 2403 877 2444 τις
915 2384 1201 2450 ἐμπρησμοῦ

406 2459 508 2506 136
571 2457 655 2517 τὰς
692 2459 889 2518 πλείους
925 2459 1134 2523 ψήφους
1171 2464 1366 2526 κρατεῖν

406 2533 508 2580 139
574 2530 688 2595 μετὰ
725 2531 783 2581 τὰ
820 2531 873 2581 ἐν
911 2533 1168 2598 χαιρωνεία
1205 2532 1391 2598 ἔπεμψε
1429 2534 1667 2596 φίλιππος

407 2606 510 2652 142
573 2603 665 2654 οὐκ
711 2603 901 2655 ἀντεῖπε
947 2613 1011 2654 τῶ
1053 2606 1274 2669 φιλίππω
1312 2605 1556 2673 γενομένω
1603 2605 1902 2671 ἀμφικτυονι
1942 2604 1969 2657 ὁ

294 2676 518 2743 αἰσχίνης
557 2671 656 2744 (111
690 2681 792 2728 396
818 2673 885 2744 R)

417 2849 460 2905 1)
484 2846 550 2891 Cf.
575 2847 761 2892 Barber.
787 2849 847 2904 (n.
873 2851 901 2890 4
931 2862 1071 2905 supra
1100 2864 1144 2905 p.
1173 2851 1260 2907 28),
1284 2849 1418 2894 Laur.
1442 2849 1566 2894 LVII
1589 2856 1645 2894 20
1669 2853 1730 2908 (n.
1755 2856 1782 2896 6
1812 2866 1858 2908 p.
1882 2854 1971 2910 40),

295 2904 402 2950 vat.
436 2910 519 2951 941
553 2906 614 2963 (n.
647 2910 702 2950 26
736 2919 875 2963 supra
904 2921 950 2962 p.
983 2910 1107 2964 229),
1147 2907 1340 2964 Neapol.
1372 2909 1415 2952 H
1444 2908 1482 2951 E
1515 2914 1569 2954 19
1602 2912 1662 2967 (n.
1695 2914 1752 2954 40
1782 2925 1828 2966 p.
1853 2913 1970 2969 332).
