2090 3162
247 113 355 165 410
813 112 1041 155 LIBANII
1072 111 1294 156 ORATIO
1328 113 1367 155 X

246 268 353 301 πον
392 251 595 318 χρόνον
633 250 813 301 πολὺν
853 246 934 299 ὅδ’
982 246 1100 318 ᾔδει
1143 248 1204 300 Os
1253 247 1313 300 ἐν
1353 240 1434 310 οἷς
1481 250 1653 300 ἔκειτο
1703 249 1791 301 καὶ
1830 250 1928 301 τὸν

246 337 495 389 θάνατον
533 336 726 390 ε’κάλει.

356 426 441 477 31.
489 424 598 477 Καὶ
646 426 746 491 μὲν
794 426 860 493 δὴ
907 425 1008 477 κάκ
1055 434 1165 477 τῶν
1205 424 1463 492 ἀθλητῶν
1501 423 1646 477 τοῦτ’
1695 426 1808 478 ἴδοι
1846 446 1927 488 τις

247 515 331 581 ἄν,
372 514 503 566 ὅταν
542 517 671 576 τοὺς
709 511 811 581 μὲν
850 514 877 566 ὁ
918 512 1088 582 κη’ρυξ
1129 513 1317 582 εἰσάγῃ
1358 522 1422 583 τῇ
1463 522 1646 583 φωνῇ,
1698 517 1826 576 τοὺς
1867 515 1927 567 δὲ

203 623 221 654 5
246 604 317 670 μὴ
357 610 420 671 τῇ
463 611 638 672 σιωπῇ
679 610 774 670 τῆς
813 600 938 669 περὶ
980 602 1179 664 αὐτοὺς
1219 602 1463 670 βασάνου
1504 603 1717 654 τούτων
1750 600 1928 655 ἑκάτε-

245 711 346 757 ρον
395 692 674 759 ποιούσης.
759 693 938 743 καίτοι
1000 692 1222 752 πλείους
1274 689 1343 742 ἂν
1392 687 1534 758 ἦσαν
1600 691 1700 743 οὐκ
1762 692 1929 759 οὔσης

245 779 543 843 ἐξετάσεως.
611 779 727 832 ἀλλ’
775 777 843 846 ἦν
883 778 952 831 ἂν
990 781 1123 847 μετὰ
1161 787 1259 832 τοῦ
1299 781 1583 846 βελτίονος
1621 780 1681 832 τὸ
1722 787 1928 848 χεῖρον·

245 867 445 935 ἐγένετ’
477 865 580 921 οὗν
605 870 906 922 τοῦλαττον
931 876 1025 920 τοῦ
1059 870 1315 930 πλείονος
1347 869 1587 935 ἄμεινον.
1643 868 1727 920 32.
1760 875 1930 920 ταῦτα

244 957 448 1019 εἰδότες
480 955 690 1009 Ἠλεῖοι
743 960 1228 1025 μεγαλοφρονοῦσι
1282 963 1356 1028 τῷ
1405 958 1561 1025 μόλις
1615 956 1747 1009 ἑπτὰ
1792 955 1919 1025 παρ’

136 1084 139 1087 Α
178 1051 219 1083 10
243 1045 429 1107 αὐτοῖς
477 1045 833 1098 ἀποδύεσθαι.
911 1052 1168 1097 τοιοῦτον
1216 1044 1281 1097 δέ
1319 1064 1370 1097 τι
1408 1043 1499 1097 καὶ
1538 1045 1598 1097 τὸ
1638 1054 1750 1097 τῶν
1788 1049 1927 1097 Λελ-

244 1143 380 1202 φῶν.
455 1132 581 1202 παρ’
642 1135 828 1195 ἄλλοις
883 1132 948 1186 δέ
999 1153 1058 1200 γε
1114 1133 1373 1201 ἀθλητῶν
1427 1131 1617 1200 ἀγέλαι
1671 1132 1929 1201 δευτέρας

243 1221 443 1291 ἡμέρας
489 1223 567 1284 εἰς
612 1224 711 1275 τὸν
759 1222 945 1290 ἀγῶνα
993 1223 1273 1290 δεόμεναι,
1328 1223 1572 1288 τοῦνομα
1623 1221 1810 1290 μέντοι
1866 1242 1928 1290 γε

248 1311 349 1363 οὐκ
398 1316 537 1379 ἴσον,
586 1309 707 1364 οὐδ’
755 1314 904 1364 ε”στιν
944 1312 1120 1373 οὕτως
1159 1310 1386 1378 ἀναιδὴς
1426 1311 1632 1379 οὐδείς,
1674 1310 1821 1373 ὅστις
1859 1309 1930 1363 ἂν

178 1422 219 1452 14
243 1401 374 1462 τοὺς
428 1399 670 1468 ἀθλητὰς
726 1400 1084 1468 ἀνταριθμῶν
1139 1398 1364 1462 ἀξιώσαι
1418 1398 1487 1452 ἂν
1540 1400 1645 1468 πρὸ
1702 1398 1930 1452 ἐκείνων

155 1500 299 1542 R273
331 1488 592 1556 τετάχθαι
630 1497 741 1541 τῶν
779 1497 893 1550 τοῖς
931 1487 1139 1556 ὀλίγοις
1178 1487 1486 1557 χρωμένων.
1522 1492 1529 1551 Ι
1564 1487 1649 1540 33.
1690 1487 1829 1550 ὅλως
1867 1487 1930 1540 δὲ

243 1577 290 1629 εἰ
313 1577 718 1646 φιλάνθρωπόν
734 1597 816 1639 τις
841 1582 1010 1629 οἴεται
1031 1577 1091 1628 τὸ
1116 1577 1340 1629 πάντων
1365 1573 1507 1628 εἶναι
1531 1584 1702 1630 ταῦτα
1718 1577 1930 1645 ὀφθαλ-

242 1673 376 1733 μῶν,
415 1668 473 1717 τί
501 1665 586 1718 δεῖ
616 1665 907 1734 πράγματα
939 1667 1084 1733 ἔχειν
1123 1664 1277 1733 ἕτερα
1317 1663 1403 1733 ἐφ’
1443 1663 1646 1733 ἑτέροις
1683 1662 1926 1732 τνθέντα,

241 1751 365 1815 ἐξὸν
404 1753 438 1806 ἃ
477 1754 658 1822 δείλης
692 1754 902 1821 δρᾶται,
934 1761 1033 1806 τοῦ
1073 1754 1387 1822 προμήκους
1422 1762 1645 1822 ποιῆσαι
1683 1752 1925 1820 θεάτρου

242 1849 341 1894 τοῦ
374 1843 620 1910 γείτονος
651 1841 741 1895 καὶ
773 1843 833 1894 τὸ
866 1850 973 1894 νῦν
1004 1851 1115 1894 τῶν
1138 1852 1308 1910 τριῶν
1338 1842 1555 1912 ἡμερῶν
1587 1842 1695 1914 ὅλῳ
1729 1842 1927 1893 δοῦναι

180 1952 223 1983 20
247 1937 320 2002 τῷ
354 1931 485 1999 μηνὶ
523 1929 614 1983 καὶ
654 1927 790 2000 μηδὲ
828 1931 951 1998 περὶ
991 1939 1087 1999 τῆς
1125 1929 1359 1999 ἐσθῆτος
1396 1931 1532 2000 πρὸς
1570 1929 1777 1999 μηδένα
1809 1929 1927 1982 δια-

245 2019 539 2088 φέρεσθαι;
615 2018 868 2087 γένοιντο
907 2020 1011 2089 γὰρ
1053 2018 1122 2072 ἂν
1162 2019 1305 2072 οὕτω
1346 2022 1586 2082 πλειόυς.
1662 2018 1747 2070 34.
1792 2021 1925 2084 μᾶλ-

242 2112 342 2160 λον
393 2107 454 2160 δὲ
503 2110 618 2161 ἔστι
655 2128 708 2160 τι
757 2107 848 2161 καὶ
899 2108 1098 2161 τούτου
1145 2110 1418 2177 πρότερον
1456 2108 1534 2170 εἰς
1581 2107 1648 2160 τὰ
1685 2113 1926 2159 τοιαῦτα.

241 2198 299 2248 τί
331 2203 519 2261 τοῦτο;
566 2197 626 2249 τὸ
671 2197 778 2250 ὑπὸ
818 2203 893 2269 τῷ
935 2199 1051 2265 ὄρει
1089 2195 1348 2266 θεάτρον,
1388 2197 1564 2258 ἄλλως
1600 2193 1658 2248 θ’
1706 2195 1795 2248 ὅτε
1833 2194 1925 2247 καὶ

243 2284 374 2337 αὐτὸ
427 2285 487 2336 τὸ
543 2285 673 2353 ὄρος
727 2285 848 2338 ἀντὶ
901 2285 1144 2354 θεάτρου
1198 2287 1538 2337 καθίσταται.
1615 2281 1746 2335 ἀλλ’
1808 2281 1922 2346 ἔξω

359 2434 414 2473 23
446 2430 871 2475 Axehaeol.Jah1b.
905 2430 990 2473 ΧΠ
1022 2435 1105 2474 106

361 2568 383 2606 1
412 2560 483 2607 ὅδ’
514 2577 615 2606 corr
638 2576 694 2606 ex
718 2561 742 2606 ὁ
768 2559 815 2607 δ’
835 2562 908 2607 P³
969 2562 993 2607 ὁ
1018 2560 1064 2606 δ’
1097 2562 1213 2608 ΟΑΙ
1229 2562 1297 2606 Re
1393 2566 1418 2605 3
1442 2569 1576 2606 τοῦτο
1605 2562 1643 2606 C
1727 2566 1755 2604 4
1778 2559 1919 2615 κήρυξ

158 2632 163 2637 ·
241 2635 267 2665 e
298 2622 439 2678 κῆρυξ
463 2621 536 2666 P³
655 2625 680 2664 5
712 2627 794 2677 τῆς
825 2627 1010 2677 σιωπῆς,
1035 2622 1168 2678 Bong
1201 2624 1208 2678 Ι
1242 2619 1478 2679 βασάνους
1499 2622 1534 2663 Ι
1551 2621 1683 2677 Bong
1805 2624 1829 2662 7
1862 2616 1921 2662 ἂν

241 2695 317 2725 om
339 2683 375 2724 Ι
390 2680 524 2737 Bong
642 2684 668 2723 9
698 2678 868 2724 Ἠλεῖοι
899 2695 974 2725 om
997 2682 1032 2724 I
1047 2680 1180 2736 Bong
1214 2682 1221 2737 Ι
1258 2679 1310 2724 τὸ
1342 2681 1377 2723 Ι
1393 2679 1532 2752 Bong
1646 2684 1699 2723 13
1731 2677 1833 2722 ἴσον
1865 2690 1921 2720 ex

243 2736 344 2784 ἶσον
376 2753 477 2783 corr
499 2739 571 2783 Ρ3
647 2735 748 2784 ἶσον
772 2740 818 2783 A
939 2744 994 2782 14
1026 2695 1221 2792 ἀξιῶὲαι
1244 2740 1279 2782 Ι
1294 2738 1427 2795 Bong
1467 2740 1474 2794 Ι
1516 2736 1575 2782 ἂν
1606 2738 1799 2786 τούτους
1827 2735 1919 2807 πρὸ

243 2798 348 2842 coni
378 2799 447 2842 Re
597 2803 650 2841 15
681 2805 779 2849 τοῖς
818 2812 892 2842 om
924 2800 959 2842 I
974 2798 1107 2855 Bong
1259 2802 1311 2840 17
1342 2803 1532 2854 πρᾶγμα
1563 2797 1695 2854 Bong
1743 2796 1749 2853 Ι
1798 2790 1914 2848 ἕτερ’

243 2857 311 2900 Re
463 2861 517 2899 18
556 2864 639 2901 τοῦ
681 2870 757 2901 om
794 2856 927 2914 Bong
1076 2861 1147 2900 22
1172 2873 1189 2900 ι
1227 2856 1276 2898 in
1313 2871 1358 2899 τι
1399 2855 1449 2898 in
1487 2869 1561 2900 ras
1593 2855 1664 2900 12³
1744 2868 1817 2897 τοι
1846 2853 1926 2896 AI

242 2915 375 2972 Bong
398 2915 466 2959 Re
498 2915 579 2971 qui
610 2917 767 2959 tamen
800 2915 905 2960 coni
934 2931 978 2959 τι
1114 2919 1170 2958 24
1201 2932 1250 2958 αι
1281 2914 1330 2957 in
1361 2911 1642 2958 καθίσταται
1671 2913 1721 2956 in
1747 2925 1822 2955 ras
1857 2909 1920 2955 Ο2
