2090 3162
548 666 693 726 ΕΙΣ
739 666 906 727 ΤΑΣ
949 663 1452 731 ΚΑΛΑΝΔΑΣ.

271 814 315 865 1.
343 811 418 865 ‘H
442 815 543 883 μὲν
575 811 679 868 οὖν
711 814 870 885 ἑορτὴ
902 817 991 868 καὶ
1024 816 1160 885 αὐτὴ
1191 816 1459 884 προσάγει
1491 815 1551 867 τὸ
1585 814 1751 883 αὑτῆς
1782 827 1823 870 R
1843 831 1926 870 256

156 898 218 955 εὖ
271 904 581 971 ποιήσουσα
635 905 795 973 ἡμᾶς,
850 905 1003 973 ἡμεῖς
1058 905 1118 957 δὲ
1174 905 1328 957 οὔπω
1382 905 1656 972 πρότερον
1703 903 1838 974 αὐτῇ

154 994 524 1061 πεποιήκαμεν
556 991 844 1062 ἐγκώμιον,
876 992 967 1046 καὶ
999 1000 1170 1046 ταῦτα
1202 994 1425 1060 εἰδότες,
1466 994 1549 1046 ὅτι
1581 993 1707 1061 τιμὴ
1739 993 1840 1061 μὲν

155 1088 318 1134 τοῦτο
373 1080 464 1134 καὶ
515 1081 701 1144 αὐτοῖς
739 1090 856 1145 τοῖς
906 1083 1164 1151 δαίμοσιν
1203 1077 1282 1134 ὧν
1323 1079 1528 1151 ἑορταί,
1578 1082 1839 1150 δαίμονος
1886 1102 1904 1133 5

156 1165 216 1221 δὲ
247 1170 490 1237 μεγάλου
521 1171 686 1239 τήνδε
718 1165 861 1224 εἶναι
893 1173 1183 1240 συμβαίνει
1214 1172 1316 1239 τὴν
1348 1168 1557 1239 ἑορτήν.
1619 1171 1667 1223 2.
1703 1171 1840 1239 πρὸς

155 1257 222 1310 ὃν
260 1260 315 1311 τί
352 1257 422 1312 ἂν
461 1258 901 1329 ἀποκριναίμεθα
938 1261 1293 1329 μεμφόμενόν
1331 1278 1388 1312 τε
1427 1257 1517 1311 καὶ
1557 1259 1839 1312 καταιτιώ-

153 1366 341 1415 μενον,
403 1349 451 1401 εἰ
512 1356 750 1401 τοσαῦτα
811 1348 1147 1418 ἀνθρώπους
1210 1347 1592 1410 ἐπαινέσαντες
1653 1346 1841 1417 ἑορτῆς

154 1437 421 1506 τοσαύτης
451 1437 812 1506 ἠμελήκαμεη
843 1436 934 1490 καὶ
965 1445 1136 1490 ταῦτα
1167 1438 1374 1500 εἰδότες
1405 1446 1516 1490 τῶν
1546 1437 1653 1506 πρὸ
1686 1437 1841 1505 ἡμῶν

154 1545 308 1588 τινας
346 1533 508 1578 τοῦτο
550 1526 616 1578 οὐ
655 1527 1019 1589 πεπονθότας.
1097 1525 1144 1578 3.
1185 1525 1302 1579 ἐπεὶ
1343 1521 1447 1578 οὖν
1487 1525 1589 1579 οὐκ
1628 1524 1698 1578 ἂν
1738 1524 1839 1578 οὐκ
1864 1547 1907 1579 10

154 1612 511 1679 ἐπαινοῦντες
535 1613 995 1684 ἀπελογησάμεθα
1020 1646 1088 1653 -
1111 1617 1164 1668 τί
1187 1616 1291 1684 γὰρ
1328 1615 1333 1684 ξ
1370 1613 1439 1668 ἂν
1463 1615 1551 1668 καὶ
1576 1613 1750 1682 λέγοι-
1781 1627 1823 1670 R
1843 1631 1926 1671 257

153 1722 277 1771 μεν;
306 1734 368 1740 -
399 1701 753 1766 ἐπαινοῦντες
777 1702 1262 1772 ἀπολογησώμεθα.
1316 1701 1539 1771 βέλτιον
1571 1703 1675 1774 γὰρ
1707 1702 1839 1756 ἀπο-

155 1791 354 1854 δόντας
392 1796 652 1845 τελευτᾶν
690 1792 790 1845 τὸν
826 1794 955 1860 βίον
994 1792 1027 1862 ἢ
1067 1791 1410 1861 ὀφείλοντας.

274 1952 312 1996 C'
391 1974 445 1988 =
479 1951 623 1995 codex
654 1951 900 1996 Chisianus

272 2013 317 2054 A
393 2033 449 2048 =
480 2011 772 2055 Monacensis
803 2026 870 2069 gr.
902 2016 989 2055 483
1023 2012 1362 2068 (Augustanus)

270 2072 317 2115 P
389 2093 443 2107 =
476 2069 718 2115 Palatinus
749 2085 816 2128 gr.
851 2075 936 2114 282

280 2131 349 2174 Va
392 2152 446 2166 =
480 2128 736 2174 Vaticanus
768 2145 834 2188 gr.
869 2134 922 2173 81

272 2190 327 2233 N
393 2211 448 2226 =
480 2188 820 2245 Neapolitanus
850 2189 893 2232 H
915 2189 954 2232 E
981 2194 1034 2233 17

271 2249 306 2291 Ι
390 2271 444 2285 =
477 2248 743 2292 Marcianus
775 2248 975 2305 append.
1008 2247 1107 2292 XCI
1132 2253 1157 2291 2

272 2307 318 2350 B
386 2330 441 2344 =
473 2307 754 2352 Barberinus
785 2309 828 2352 Π
850 2313 904 2352 41

271 2366 335 2410 Μ
391 2389 446 2403 =
477 2366 742 2411 Marcianus
773 2382 841 2424 gr.
874 2371 960 2411 437

274 2518 300 2557 5
333 2513 463 2559 Ovid.
497 2515 620 2560 Fast.
653 2515 674 2559 Ι
701 2520 784 2559 115
803 2529 869 2570 sq.

274 2667 296 2705 1
325 2662 548 2719 ἔκφρασις
569 2665 831 2708 Καλανδῶν
854 2662 996 2706 AJlafi.
1025 2662 1032 2720 Ι
1060 2661 1163 2719 Εἰς]
1191 2661 1308 2717 πρὸς
1331 2662 1494 2707 IVaN
1595 2666 1620 2704 2
1645 2661 1790 2717 αὐτῆς
1812 2661 1848 2704 Ι

213 2725 241 2764 3
271 2728 471 2766 ποιοῦσα
502 2723 613 2767 ΒΜ
631 2721 711 2765 All
852 2726 880 2764 4
913 2718 981 2765 ὅτι
1011 2721 1062 2765 in
1090 2734 1166 2765 ras
1198 2720 1271 2765 P⁸
1410 2725 1437 2764 5
1470 2716 1534 2765 ὧν
1564 2720 1691 2764 inser
1711 2721 1759 2764 A
1789 2719 1840 2762 in

152 2792 288 2838 marg
328 2783 335 2836 Ι
376 2779 426 2824 αἱ
469 2779 625 2835 ἑορταὶ
667 2781 758 2826 edd
909 2785 934 2824 9
977 2779 1264 2837 ἠμελήσαμεν
1294 2780 1406 2824 ΒΜ
1425 2778 1503 2823 All
1655 2783 1711 2823 10
1754 2778 1840 2823 οὐκ

154 2838 354 2883 alterum
397 2853 471 2883 om
495 2839 573 2884 All
614 2842 620 2897 Ι
663 2841 748 2884 οὐκ
788 2839 1088 2889 ἐπαινοῦντες
1116 2839 1174 2883 N
1211 2838 1292 2882 sed
1331 2854 1417 2883 ουκ
1457 2838 1479 2882 ἐ
1515 2838 1566 2882 in
1603 2851 1680 2882 ras
1709 2836 1781 2881 m'

157 2903 208 2942 11
241 2897 621 2956 ἀπελογισάμεθα
645 2900 680 2943 Ι
756 2896 1172 2956 ἀπολογησαίμεθα
1203 2897 1307 2942 coni
1341 2896 1544 2942 Sintenis
