2090 3162
289 115 395 167 384
819 114 1045 157 LIBANII
1079 113 1299 157 ORATIO
1332 115 1437 158 VIII

395 256 467 302 De
508 255 770 301 Macario
813 253 1293 315 Chrysocephalo
1333 255 1475 302 unius
1516 255 1611 302 loci
1652 248 1720 320 (p.
1756 256 1965 316 387,14

283 323 449 394 -16)
488 330 612 375 teste
653 327 710 376 cf.
753 343 900 389 supra
939 345 985 388 p.
1021 328 1122 374 351
1145 343 1214 389 sq.

394 402 560 449 Editio
592 403 818 463 princeps
843 401 1166 449 Ferrariensis
1199 396 1307 467 (fol.
1336 395 1671 467 &mv—248)
1700 395 1793 469 (Ξ
1820 395 1963 468 Ferr)

283 493 306 522 e
349 476 510 523 codice
557 476 847 523 scholastico
894 475 1056 535 fluxit3
1113 492 1262 536 quam
1300 476 1533 523 Morellus
1574 471 1666 537 (Ξ
1698 469 1830 542 Mor)
1870 478 1904 522 t.
1939 477 1963 523 I

280 568 325 611 p.
351 551 639 597 942—944
664 550 834 610 paucis
858 549 977 596 locis
1003 549 1210 596 correxit
1236 565 1292 596 ex
1315 551 1455 610 parte
1480 565 1570 611 ope
1596 550 1790 610 codicis,
1816 566 1962 611 quem

280 626 384 684 ipse
402 623 589 671 indicat
604 624 655 670 in
672 623 893 671 versione
911 624 1069 670 latina
1086 623 1254 670 eodem
1272 639 1398 670 anno
1421 625 1445 670 1
1457 624 1558 671 606
1579 624 1712 671 edita
1730 616 1798 689 (v.
1814 639 1961 686 supra

280 715 326 758 p.
355 690 501 763 352),
533 697 617 744 ubi
648 714 692 758 p.
732 699 797 744 10
837 697 957 744 haec
991 691 1078 762 (ad
1110 695 1140 757 ξ
1170 691 1260 762 13)
1295 697 1573 745 adnotavit:
1613 699 1729 758 Pay.
1759 700 1790 745 9
1819 713 1962 757 sape-

279 774 421 827 riore,
462 773 511 819 li.
553 775 767 830 anteperi.
800 773 1275 830 praestantiores
1320 773 1396 818 iis
1436 773 1533 830 qui
1572 772 1742 831 valyo
1779 774 1962 820 riomi-

279 849 498 893 oiantar
528 860 740 905 semies.
796 842 1093 892 Asteriscam
1126 847 1331 904 appositi
1361 847 1472 893 haic
1503 846 1615 900 loco,
1647 847 1730 905 qui
1761 846 1961 906 dianam

279 920 469 967 viridice
514 920 694 966 nodam
740 920 904 977 habet,·
949 935 1058 967 eum
1103 921 1157 966 in
1198 921 1386 979 ‘qraeeis
1426 919 1564 966 editis
1603 923 1646 966 et
1682 934 1803 966 mois.
1843 920 1958 980 Req.

279 995 466 1054 leyatar
502 992 719 1056 βελτίους
758 989 901 1050 ὄντας
940 999 1036 1040 τῶν
1075 990 1127 1040 ἐν
1165 991 1327 1057 λόγοις
1365 989 1541 1057 ἀργῶν.
1603 993 1746 1052 idque
1783 1007 1961 1041 novum

280 1083 336 1115 ac
367 1081 520 1127 prope
559 1067 827 1114 absurdum
864 1067 1100 1122 videatur,
1145 1070 1199 1113 at
1242 1067 1393 1114 nihilo
1432 1069 1690 1126 mancipiis
1728 1068 1960 1123 meliores,

269 1145 524 1200 praestare
568 1143 771 1200 famosis
816 1142 1050 1188 inertibus
1089 1141 1326 1188 dicantar.
1404 1155 1511 1201 erqo
1550 1143 1821 1189 coniectura
1856 1142 1962 1189 sola

277 1217 423 1262 nixas
462 1215 767 1263 scribendam
799 1218 995 1262 autumo
1026 1221 1123 1261 τῶν
1154 1212 1206 1262 ἐν
1238 1213 1399 1278 λόγοις
1427 1209 1653 1278 Ἀργείων
1691 1215 1960 1262 meliores

278 1291 356 1336 iis
406 1291 504 1348 qai
553 1289 722 1348 valyo
760 1292 1154 1336 memorantur
1192 1286 1418 1348 Aryivi.
1495 1303 1551 1336 ex
1588 1291 1733 1336 veteri
1769 1287 1960 1350 Argiva

267 1365 525 1422 paroemia
558 1355 765 1427 Ἀργεῖοι
803 1368 977 1428 φῶρες.
1042 1362 1196 1418 Quem
1235 1362 1325 1409 hoc
1364 1363 1471 1410 loco
1511 1362 1633 1409 dicit
1665 1363 1797 1410 Mas.
1823 1363 1955 1423 Rey„

279 1438 383 1484 sine
429 1436 579 1484 dubio
627 1438 700 1484 est
738 1436 848 1483 Par.
888 1453 958 1499 gr.
1002 1429 1188 1501 9631),
1238 1451 1363 1483 unus
1397 1453 1421 1482 e
1469 1435 1774 1484 scholasticis
1823 1429 1959 1501 (vide

278 1525 426 1571 supra
457 1527 503 1571 p.
524 1510 627 1558 333
640 1503 750 1575 sq),
776 1511 862 1571 qui
886 1525 1013 1557 anno
1034 1510 1173 1557 1599
1199 1509 1549 1556 bibliothecam
1572 1509 1780 1572 Regiam
1804 1509 1956 1557 intra-

277 1587 430 1632 verat.
510 1583 650 1640 Quod
702 1585 870 1630 autem
918 1580 1083 1649 ἀργῶν
1122 1584 1222 1646 legi
1271 1583 1421 1630 etiam
1471 1586 1525 1631 iri
1567 1582 1767 1632 Graecis
1817 1584 1957 1632 editis

278 1658 407 1713 dicit,
445 1673 543 1705 non
581 1657 945 1704 Ferrariensem
975 1683 1048 1690 —
1077 1657 1196 1704 haec
1236 1657 1367 1704 enim
1404 1656 1608 1718 praebet
1645 1653 1840 1722 ἀργύρω
1877 1684 1959 1716 -,

278 1732 362 1779 sed
401 1747 540 1778 suam
578 1731 733 1793 ipsius
774 1731 1039 1779 editionem
1079 1732 1283 1792 spectat,
1323 1730 1505 1792 quippe
1546 1732 1683 1779 cuius
1722 1733 1774 1777 in
1819 1733 1960 1778 textu

277 1803 458 1871 ἀργῶν,
504 1807 556 1852 in
594 1806 814 1868 margine
853 1823 924 1870 γρ.
965 1801 1208 1870 ἀργυρῶν,
1256 1805 1537 1852 coniectura
1577 1820 1691 1852 vero
1727 1799 1955 1870 Ἀργείων

278 1881 475 1927 omnino
515 1895 613 1927 non
653 1881 820 1926 exstet.
883 1878 1023 1926 Unde
1065 1879 1211 1926 simul
1249 1878 1480 1926 discimus
1514 1877 1779 1925 editionem
1816 1878 1956 1925 illam

277 1953 579 2017 singularem
601 1953 838 2001 versionis
869 1953 1054 2000 latinae
1078 1954 1191 2014 post
1215 1967 1420 2014 operum
1442 1954 1631 1999 tomum
1654 1951 1679 1999 I
1702 1952 1954 2014 prodiisse.

386 2027 614 2075 Reiskius
632 2019 711 2093 (=
725 2019 821 2092 Re)
837 2027 1076 2074 nonnulla
1093 2027 1303 2074 correxit
1326 2041 1416 2087 ope
1434 2026 1658 2073 codicum
1673 2025 1955 2089 Augustani

277 2093 373 2167 (A)
415 2102 464 2149 et
501 2101 807 2148 Monacensis
851 2101 951 2148 101
996 2093 1155 2166 (Mo),
1194 2099 1279 2148 sed
1316 2099 1464 2147 titulo
1503 2097 1612 2164 περὶ
1649 2098 1863 2147 πλούτου
1902 2099 1956 2146 in

276 2173 568 2238 Augustano
599 2177 771 2236 postea
803 2174 1050 2235 adscripto
1083 2173 1243 2235 decipi
1274 2189 1376 2222 sese
1407 2187 1580 2235 passus
1612 2175 1698 2220 est.
1762 2172 1957 2221 Boisso·

275 2248 451 2296 nadius
485 2249 692 2296 contulit
725 2248 913 2295 codices
944 2247 1194 2295 Parisinos
1227 2264 1296 2311 gr.
1325 2247 1428 2295 963
1463 2249 1511 2294 et
1547 2247 1701 2307 1000,
1735 2244 1899 2295 Gasda
1912 2239 1954 2312 2)

277 2320 388 2369 Par.
429 2339 500 2386 gr.
535 2323 691 2370 3016.

397 2479 438 2533 1)
469 2476 656 2532 Reliqui
688 2477 870 2521 codices
901 2475 1101 2520 Parisini
1136 2476 1185 2519 in
1218 2489 1404 2519 censum
1434 2475 1589 2519 venire
1621 2490 1714 2519 non
1745 2475 1955 2532 possunt,

275 2536 439 2591 utpote
469 2536 551 2591 qui
583 2548 702 2579 anno
738 2539 850 2580 1606
881 2535 1088 2579 nondum
1120 2535 1256 2593 Reqii
1285 2534 1469 2578 fuerint.

396 2596 441 2651 2)
472 2593 704 2638 Kritische
735 2595 952 2651 Βθίὺτέἱςθ
985 2609 1041 2637 zu
1070 2593 1290 2637 Libanios
1321 2593 1363 2636 11
1396 2599 1433 2636 1.
