2090 3162
149 2357 204 2397 50

247 145 352 196 342
786 146 1011 188 LIBANH
1045 146 1384 190 ORATIONES

358 287 450 331 91V
490 284 722 349 ἕκφρασις
769 285 1066 333 καλενδῶν

358 361 421 405 952
767 357 925 421 μέθης

356 434 447 479 92Υ
766 431 979 495 πολέμου

355 509 448 553 93V
768 505 920 570 αὐλῆς
959 513 1045 570 τῆς
1085 505 1136 554 ἐν
1175 514 1238 555 τῶ
1279 508 1605 572 βουλευτηρίω

356 582 421 626 94
487 578 557 627 ὅτι
609 579 659 628 τὸ
711 583 936 628 πλουτεῖν
976 579 1156 638 ἀδίκως
1206 588 1291 629 τοῦ
1341 579 1576 630 πένεσθαι
1622 580 1920 648 ἀθλιώτερον

355 655 448 700 94ν
486 651 594 718 περὶ
634 653 835 715 φίλων.
912 654 1023 702 Des.
1065 655 1148 701 fol.
1193 657 1298 704 95V.

353 727 586 788 Sequitur
611 727 692 774 sed
727 728 826 775 alia
849 744 999 775 manu
1032 732 1231 776 exarata
1264 729 1572 791 subscriptio,
1598 731 1735 778 cuius
1758 729 1920 792 prima

242 803 289 848 et
340 801 551 849 secunda
602 802 732 848 linea
784 802 987 849 dimidia
1039 818 1206 850 erasae
1257 805 1372 850 sunt
1447 801 1584 862 ιανὸς
1631 800 1655 851 ὁ
1704 802 1784 852 διὰ
1833 810 1919 852 τοῦ

240 875 382 922 θείου
422 872 502 922 καὶ
542 872 796 939 ἀγγελικοῦ
836 875 1077 940 σχήματος
1117 875 1497 939 μετονομασθεὶς
1535 877 1793 941 θεοφάνης
1833 896 1919 940 μο-

239 947 384 1012 ναχὸς
434 947 486 996 ἐν
525 948 614 997 ε”τει
653 948 795 1012 ‘Eub—v
836 943 928 1015 (τε
966 944 1129 1016 1372)
1171 947 1325 1016 ἡμέρα
1363 958 1592 1015 κυριακῆ·
1642 969 1780 1016 φευρ.
1821 948 1918 1000 καθ’.

238 1029 323 1086 τῆς
362 1022 934 1086 σταυροπροσκυνήσεως.

352 1098 416 1144 96
480 1096 702 1160 λιβανίου
750 1104 986 1158 σοφιστοῦ
1036 1096 1282 1146 ἐπιστολαί
1330 1092 1478 1165 (ogd).
1557 1099 1647 1147 Est
1693 1100 1917 1148 collectio

239 1169 584 1231 Lacapeniana
607 1173 733 1218 teste
759 1171 1114 1233 subscriptione
1140 1166 1246 1238 (fol.
1271 1166 1397 1238 160)
1424 1166 1566 1221 αὗται
1591 1172 1646 1220 αἵ
1673 1171 1917 1221 ἐπιστολαὶ

238 1251 323 1291 τοῦ
348 1244 587 1307 λιβανίου,
623 1236 747 1307 ἦσαν
771 1243 1094 1310 γεγραμμέναι
1118 1246 1187 1304 εἰς
1212 1244 1263 1293 τὸ
1290 1246 1480 1310 βιβλίον
1504 1254 1658 1312 κυροῦ
1682 1247 1918 1312 γεωργίου

240 1325 325 1365 τοῦ
387 1321 695 1380 λακαπήνοῦ·
761 1316 868 1381 ἤτοι
930 1316 1053 1382 ὁμοῦ
1115 1320 1171 1367 αἱ
1229 1319 1334 1368 ὅλαι
1388 1319 1630 1368 διακόσιαι
1685 1319 1918 1383 ἑξήκοντα

237 1389 472 1456 τέσσαρες,
513 1408 639 1453 quae
678 1394 1066 1454 monocondyliis
1105 1395 1318 1455 repetita
1358 1397 1443 1442 est.

351 1467 450 1513 161
494 1472 579 1513 τοῦ
621 1466 830 1530 μεγάλου
869 1467 1115 1530 βασιλείου
1154 1467 1276 1533 πρὸς
1315 1467 1429 1526 τοὺς
1467 1466 1610 1527 νέους
1641 1475 1745 1527 πῶς
1775 1465 1837 1516 ἂν
1868 1467 1916 1527 ἐξ,

236 1537 500 1602 ἒλληνικῶν
540 1536 807 1601 ὠφελοῖντο
847 1540 1016 1605 λόγων.

346 1613 460 1660 Alia
498 1629 647 1660 manu
687 1618 887 1661 exarata
927 1618 1060 1662 sunt:

351 1688 452 1734 168
516 1685 760 1735 ἐπιστολαὶ
798 1695 884 1736 τοῦ
915 1691 1202 1751 λακαπηνοῦ
1241 1695 1396 1754 κυροῦ
1435 1689 1670 1754 γεωργίου
1709 1687 1790 1737 καὶ
1828 1697 1915 1738 τοῦ

237 1760 434 1825 ζαρίδου
484 1768 638 1826 κυροῦ
689 1759 985 1825 ἀνδρονίκου
1036 1779 1145 1810 cum
1195 1764 1371 1826 glossis
1421 1764 1819 1811 interlinearibus
1866 1766 1916 1811 et

237 1836 584 1882 commentario

346 1915 431 1956 τοῦ
470 1908 756 1970 σοφωτάτου
795 1907 887 1957 καὶ·
916 1910 1209 1975 λογιωτάτου
1249 1917 1402 1976 κυροῦ
1435 1911 1647 1974 μαξίμου
1679 1918 1764 1959 τοῦ
1795 1915 1915 1960 πλα-

235 1981 392 2044 νούὸη
431 1981 654 2047 διάλογος
693 1981 801 2047 περὶ
839 1991 1172 2048 γραμματικῆς
1212 1987 1259 2032 et
1298 1982 1406 2050 περὶ
1445 1983 1619 2050 μέτρου

348 2057 453 2104 300
515 2056 622 2119 βίος
671 2055 891 2105 αἰσώπου
930 2065 1015 2106 τοῦ
1057 2062 1340 2121 μυθοποιοῦ
1380 2061 1429 2106 et
1468 2059 1652 2120 Aesopi
1702 2059 1913 2107 fabulae.

235 2130 346 2177 Des.
385 2131 468 2177 fol.
511 2131 631 2178 315.

345 2202 505 2251 Codex
532 2220 588 2251 ex
614 2204 781 2269 eodem
806 2206 941 2252 fonte
967 2222 1063 2266 quo
1080 2205 1312 2253 Vaticani
1341 2207 1442 2253 113
1470 2209 1519 2253 et
1540 2199 1731 2271 15581)
1757 2207 1911 2254 fluxit.

346 2276 572 2325 Codicem
613 2294 739 2326 anno
785 2280 925 2327 1870
966 2280 1255 2327 examinavi.

347 2352 429 2398 35.
470 2351 836 2399 Bodleianus
860 2353 1262 2401 Baroccianus
1297 2370 1365 2417 gr.
1391 2353 1603 2400 LXVIII
1627 2354 1911 2402 chartaceus

236 2424 419 2472 formae
470 2428 675 2486 quartae
725 2426 928 2474 minoris
980 2428 1172 2474 saeculo
1216 2427 1308 2473 XV
1357 2426 1648 2474 nitidissime
1700 2428 1911 2490 scriptus

237 2499 454 2545 continet
491 2501 604 2559 post
643 2498 854 2558 Λεξικὸν
888 2493 1279 2565 Ἀρμενοπούλου
1317 2500 1430 2547 inde
1471 2516 1499 2547 a

344 2571 427 2618 fol.
471 2573 570 2620 101
626 2571 890 2621 Εὐναπίου
929 2571 982 2621 ἐκ
1018 2580 1105 2622 τοῦ
1143 2573 1336 2638 βιβλίου
1374 2581 1460 2621 τοῦ
1499 2571 1911 2638 ἐπιγεγραμμένου

234 2644 334 2708 βίοι
373 2652 619 2706 σοφιστῶν

349 2720 448 2767 102
513 2719 736 2782 λιβανίου
775 2725 1011 2782 σοφιστοῦ
1049 2719 1391 2785 πρεσβευτικὸς
1429 2718 1550 2785 πρὸς
1587 2719 1702 2778 τοὺς
1733 2721 1908 2787 τρώαςι

233 2787 354 2856 ὑπὲρ
393 2798 479 2856 τῆς
517 2789 682 2855 ἕλένης
721 2790 949 2856 μενέλαος

356 2948 397 3002 1)
430 2945 495 2990 cf.
530 2961 670 3003 supra
700 2963 744 3003 p.
779 2952 864 2991 338
897 2950 943 2992 et
975 2953 1059 2992 339
1077 2963 1143 3004 sq.
