2090 3162
253 125 359 176 388
783 124 1009 167 LIBANII
1042 124 1264 168 ORATIO
1298 124 1402 167 VIII

364 260 409 311 8.
444 259 682 311 Ἀδικεῖν
722 256 825 311 οὖν
864 280 956 328 μοι
997 260 1226 312 δοκοῦσι
1266 259 1352 312 καὶ
1395 257 1563 313 οὐδὲν
1602 259 1929 313 ἐπίστασθαι

252 348 375 416 περὶ
416 349 749 416 πραγμάτων
789 350 841 400 οἱ
881 350 951 416 μὴ
993 349 1082 400 καὶ
1120 356 1290 400 ταῦτα
1329 344 1435 401 ὧδε
1474 353 1794 416 καλοῦντες,
1841 348 1931 402 καὶ

249 446 418 490 ταῦτα
469 438 606 490 ὅπου
654 444 749 504 τῆς
801 436 1136 506 ἀποκρίσεως
1189 436 1501 505 ἀκηκόασιν,
1551 437 1621 504 ἣν
1660 436 1782 506 περὶ
1823 447 1933 491 τῶν

207 531 553 595 ιθησαυρῶν
598 524 947 593 Ἀλέξανδρος
994 525 1022 578 ὁ
1073 525 1352 577 Μακεδὼν
1406 524 1711 593 ἐποιήσατο.
1790 528 1837 578 9.
1885 528 1933 579 εἰ

161 627 202 669 R
223 632 305 669 253
340 612 399 666 δὲ
431 613 708 682 θησαυροὶ
749 615 801 666 οἱ
843 617 997 682 φίλοι
1029 612 1119 666 καὶ
1156 614 1162 682 Ι
1196 622 1387 680 κοσμεῖ
1417 615 1482 666 τὰ
1519 615 1730 683 ῥήματα
1760 623 1931 667 ταῦτα

249 704 348 754 τὸν
381 701 742 771 Ἀλέξανδρον
791 702 893 771 οὐχ
937 698 1104 770 ἧττον
1143 703 1175 771 ἢ
1215 703 1280 754 τὰ
1326 703 1502 755 πολλὰ
1541 705 1798 772 τρόπαια,
1843 704 1935 756 διὰ

250 793 306 843 τί
354 790 443 844 καὶ
497 793 567 859 μὴ
621 792 725 862 ὅτῳ
773 788 874 857 μὲν
921 789 1116 843 πολλοὶ
1164 793 1343 859 φίλοι,
1399 799 1598 844 τοῦτον
1645 792 1935 860 ἡγούμεθα

250 880 540 947 πλούσιον,
581 880 687 951 ὅτῳ
729 881 790 932 δὲ
820 881 1034 947 ἥττους,
1074 887 1275 932 τοῦτον
1305 876 1471 948 ἧττον
1502 881 1789 947 πλούσιον,
1829 881 1934 951 ὅτῳ

252 969 314 1020 δὲ
353 969 559 1035 οὐδείς,
607 967 830 1021 τουτονὶ
869 970 1110 1037 πτωχόν;
1163 970 1610 1037 σωφρονούντων
1649 967 1698 1021 δ’
1744 969 1813 1021 ἂν
1852 974 1933 1037 εἴη

186 1078 228 1110 10
252 1055 379 1109 καθ’
421 1055 652 1125 ἑκάστην
683 1058 942 1125 τελευτὴν
981 1056 1375 1127 ἀποφέρουσαν
1415 1060 1582 1125 φίλον
1610 1058 1937 1127 πενέστερον

251 1151 584 1214 γεγενῆσθαι
626 1146 805 1213 λέγειν
845 1145 1076 1213 ἐκεῖνον,
1117 1141 1158 1218 ᾧ
1191 1153 1355 1199 τοῦτο
1389 1146 1648 1199 ἀπόλωλε.
1716 1147 1797 1199 10.
1830 1154 1937 1199 νῦν

252 1234 313 1286 δὲ
353 1236 579 1287 οἰκετῶν
611 1235 711 1303 μὲν
744 1234 1219 1302 ἀποθνησκόντων
1251 1234 1463 1303 λέγεται
1502 1234 1655 1288 τουτὶ
1694 1236 1754 1287 τὸ
1795 1235 1937 1304 ῥῆμα

251 1320 340 1374 καὶ
394 1325 551 1391 ζημία
601 1324 751 1376 δοκεῖ
801 1325 873 1392 μὴ
927 1324 1076 1386 ὅσοις
1114 1325 1400 1393 πρότερον,
1451 1322 1755 1376 ἐπιτάττειν
1793 1321 1938 1392 ἔχειν

253 1410 510 1474 οἰκέταις·
563 1413 764 1480 φίλους
814 1412 875 1464 δὲ
925 1411 1012 1464 ἐπὶ
1065 1414 1250 1480 φίλοις
1300 1413 1597 1481 ἄνθρωπος
1643 1411 1939 1480 ἐξενεγκὼν

188 1520 230 1553 15
253 1499 342 1551 καὶ
392 1501 715 1563 καταθάψας
766 1501 899 1568 μετὰ
944 1509 1038 1569 τῆς
1086 1505 1205 1568 ἴσης
1252 1497 1412 1563 οὗτος
1459 1499 1529 1554 ἂν
1568 1500 1758 1563 οὐσίας
1803 1501 1939 1553 ὑπο-

257 1587 507 1656 στρε’φοι;
576 1590 657 1640 11.
690 1590 779 1642 καὶ
810 1598 947 1653 πῶς;
988 1590 1035 1641 εἰ
1069 1590 1172 1658 γὰρ
1207 1590 1273 1657 δὴ
1309 1591 1441 1657 μήτε
1477 1591 1667 1653 ὄψεται
1700 1590 1778 1642 ε”τι
1810 1591 1940 1650 τοὺς

257 1675 318 1728 ἐν
356 1685 469 1738 ταῖς
506 1678 707 1745 θήκαις
745 1676 992 1740 ἐκείνους
1037 1679 1168 1746 μήτε
1216 1679 1489 1745 λεγόντων
1528 1697 1578 1729 τι
1617 1678 1706 1730 καὶ
1745 1695 1939 1745 παραι-

255 1766 508 1818 νούντων
558 1765 846 1819 ἀκούσεται
898 1769 1029 1835 μήτε
1081 1767 1519 1834 συμμαχούντων
1571 1765 1937 1819 ἀπολαύσεται

256 1850 391 1922 μηδὲ
443 1855 508 1906 τὰ
558 1854 660 1923 μὲν
698 1855 1019 1917 κελεύοντος
1069 1855 1399 1922 ποιούντων,
1452 1856 1518 1907 τὰ
1569 1851 1629 1907 δὲ
1676 1855 1764 1906 καὶ
1813 1867 1938 1906 σιω-

375 2049 402 2086 4
434 2045 466 2086 t.
500 2043 564 2086 IV
589 2048 673 2088 856
700 2044 740 2087 R
766 2058 830 2099 sq.

379 2226 401 2264 1
434 2221 542 2275 περὶ
571 2219 855 2277 πραγμάτων
888 2217 1171 2265 ἐπίστασθαι
1197 2221 1322 2265 BVa
1337 2218 1448 2264 Fen·
1463 2220 1565 2263 Mor
1685 2225 1709 2263 2
1743 2221 1848 2276 περὶ
1872 2219 1942 2263 m2

258 2292 397 2336 supra
428 2278 557 2334 παρὰ
583 2281 666 2324 Mo
693 2282 699 2336 Ι
725 2277 868 2323 ταῦθ’
890 2281 1017 2323 BVa
1031 2279 1142 2324 Fen·
1158 2280 1260 2323 Mor
1381 2284 1405 2322 3
1439 2277 1556 2323 ὅπου
1589 2279 1755 2336 scripsi
1841 2277 1941 2323 ὅσοι

257 2338 367 2381 libri
399 2336 603 2394 (ὅσοιπερ
637 2352 742 2382 cum
772 2338 942 2382 lacuna
971 2339 1109 2382 unius
1140 2338 1327 2382 litterae
1359 2339 1422 2395 U)
1454 2338 1544 2382 edd
1571 2339 1577 2396 Ι
1604 2340 1711 2393 περὶ
1741 2344 1823 2394 τῆς
1853 2340 1889 2382 Ι
2000 2361 2002 2363 >

260 2402 286 2440 5
319 2398 399 2440 καὶ
431 2405 593 2453 κοσμεῖ
613 2423 670 2429 -—
695 2402 720 2440 6
745 2397 828 2441 τὸν
848 2395 1146 2453 Ἀλέξανδρον
1179 2412 1254 2441 om
1288 2397 1495 2441 CAPUI
1529 2399 1535 2454 Ι
1580 2402 1605 2440 6
1637 2397 1718 2442 τὸν
1752 2396 1941 2449 ἀλέξαν-

259 2458 374 2511 δρον
405 2463 553 2500 ταῦτα
583 2455 642 2499 τὰ
673 2453 854 2512 ῥήματα
887 2459 971 2500 Mo
1123 2461 1147 2499 7
1172 2456 1240 2532 μὴ
1272 2456 1352 2499 καὶ
1382 2456 1509 2500 BVa
1551 2457 1557 2510 Ι
1598 2456 1822 2514 ἡγώμεθα
1855 2458 1942 2500 Mo

319 2519 345 2557 8
377 2512 541 2570 ἥττους
564 2541 619 2547 -
647 2512 734 2574 ὅτῳ
776 2515 827 2558 δὲ
868 2529 943 2559 om
975 2517 1059 2560 Mo
1109 2517 1114 2571 Ι
1165 2515 1320 2572 ηττον]
1354 2512 1471 2570 ἥττω
1496 2516 1572 2559 La
1721 2519 1746 2558 9
1778 2522 1942 2560 τοῦτον

259 2574 385 2619 B-Va
401 2573 511 2616 Feri·
526 2574 627 2618 Mor
657 2575 705 2618 et
735 2587 791 2618 ex
819 2574 1004 2618 τουτονὶ
1036 2588 1137 2618 con·
1160 2574 1217 2618 1³
1265 2574 1271 2632 Ι
1321 2571 1368 2617 δ’
1403 2587 1478 2617 om
1504 2576 1587 2618 Mo
1710 2578 1763 2617 10
1795 2576 1942 2618 καθε-

258 2631 434 2689 κάστην
459 2633 610 2676 AILa
761 2637 812 2676 11
847 2630 898 2684 ὃς
930 2635 1014 2677 Mo
1050 2634 1053 2690 Ι
1099 2631 1333 2677 ἀπόλωλεν
1357 2633 1425 2675 Re
1576 2637 1630 2675 14
1663 2631 1844 2684 οἰκέτας
1866 2634 1943 2677 La

322 2696 376 2734 15
409 2688 569 2741 οὐσίας
599 2688 734 2743 οὗτος
765 2689 825 2735 ἂν
850 2693 974 2736 BVa
989 2691 1100 2736 Fen·
1115 2691 1218 2736 Mor
1259 2693 1264 2747 Ι
1307 2689 1531 2741 ἀνουσίας
1546 2693 1622 2735 La
1746 2696 1800 2736 16
1826 2688 1938 2764 Ιμήτ’

263 2750 327 2794 ἔτι
353 2748 518 2806 ὄψεται
542 2750 619 2794 ἐπὶ
641 2751 748 2800 τοὺς
771 2751 896 2794 BVa
911 2750 1022 2794 Fen·
1037 2751 1139 2794 Mor
1166 2750 1170 2809 Ι
1200 2750 1284 2808 ἔτι]
1310 2749 1386 2793 ἐπὶ
1408 2751 1570 2795 LaMo
1691 2755 1744 2794 17
1769 2753 1943 2804 θηκαις

262 2808 427 2864 scripsi
466 2821 492 2852 e
523 2810 569 2852 B
607 2810 655 2852 et
685 2809 775 2853 Par
807 2813 921 2853 1000
967 2811 1154 2853 auctore
1186 2809 1490 2853 Boissonadio
1522 2808 1695 2852 Anecd.
1727 2808 1792 2852 IV
1823 2813 1876 2852 31

264 2866 522 2922 συνθήκαις
565 2867 735 2924 reliqui
780 2867 890 2911 libri
936 2867 1027 2911 edd
1067 2869 1084 2926 .Ι
1132 2865 1176 2912 τί
1209 2869 1254 2912 Β
1343 2885 1398 2925 γρ
1437 2867 1485 2911 τὲ
1517 2867 1618 2911 Mor
1662 2869 1712 2911 in
1749 2880 1883 2924 marg

267 2930 319 2968 19
351 2925 462 2983 μήτε
492 2926 560 2970 Re
608 2926 616 2984 Ι
667 2927 746 2970 καὶ
777 2940 852 2970 om
883 2927 928 2970 B
