<?xml version="1.0" encoding="UTF-8"?>
<!DOCTYPE html PUBLIC "-//W3C//DTD XHTML 1.0 Transitional//EN"
    "http://www.w3.org/TR/xhtml1/DTD/xhtml1-transitional.dtd">
<html xmlns="http://www.w3.org/1999/xhtml" xml:lang="en" lang="en">
 <head>
  <title>
</title>
<meta http-equiv="Content-Type" content="text/html;charset=utf-8" />
  <meta name='ocr-system' content='tesseract 3.04.00' />
  <meta name='ocr-capabilities' content='ocr_page ocr_carea ocr_par ocr_line ocrx_word'/>
</head>
<body>
  <div class='ocr_page' id='page_1' title='image "./pt2operarecensu01libauoft_0195.png"; bbox 0 0 2090 3162; ppageno 0'>
   <div class='ocr_carea' id='block_1_1' title="bbox 714 101 1836 155">
    <p class='ocr_par' dir='ltr' id='par_1_1' title="bbox 714 101 1836 155">
     <span class='ocr_line' id='line_1_1' title="bbox 714 101 1836 155; baseline 0.01 -11"><span class='ocrx_word' id='word_1_1' title='bbox 714 102 938 145; x_wconf 90' lang='lat' dir='ltr'><strong>LIBANII</strong></span> <span class='ocrx_word' id='word_1_2' title='bbox 970 101 1192 145; x_wconf 87' lang='lat' dir='ltr'><strong>ORATIO</strong></span> <span class='ocrx_word' id='word_1_3' title='bbox 1226 102 1287 144; x_wconf 84' lang='lat' dir='ltr'><em>XI</em></span> <span class='ocrx_word' id='word_1_4' title='bbox 1730 104 1836 155; x_wconf 76' lang='lat'><em>509</em></span> 
     </span>
    </p>
   </div>
   <div class='ocr_carea' id='block_1_2' title="bbox 158 236 1841 572">
    <p class='ocr_par' dir='ltr' id='par_1_2' title="bbox 158 236 1841 572">
     <span class='ocr_line' id='line_1_2' title="bbox 158 236 1840 307; baseline 0 -17"><span class='ocrx_word' id='word_1_5' title='bbox 158 243 391 307; x_wconf 82' lang='grc' dir='ltr'><em>χεῖσθαι.</em></span> <span class='ocrx_word' id='word_1_6' title='bbox 467 238 588 288; x_wconf 81' lang='grc'><strong>208.</strong></span> <span class='ocrx_word' id='word_1_7' title='bbox 630 236 746 289; x_wconf 77' lang='grc' dir='ltr'><em>ἀλλ’</em></span> <span class='ocrx_word' id='word_1_8' title='bbox 794 237 966 290; x_wconf 83' lang='grc' dir='ltr'><strong><em>ἐκεῖσε</em></strong></span> <span class='ocrx_word' id='word_1_9' title='bbox 1007 237 1268 306; x_wconf 78' lang='grc' dir='ltr'><em>ἐπάνειμι,</em></span> <span class='ocrx_word' id='word_1_10' title='bbox 1308 239 1390 291; x_wconf 84' lang='grc' dir='ltr'><em>ὅτι</em></span> <span class='ocrx_word' id='word_1_11' title='bbox 1430 239 1530 306; x_wconf 85' lang='grc' dir='ltr'><em>τὴν</em></span> <span class='ocrx_word' id='word_1_12' title='bbox 1569 237 1700 291; x_wconf 87' lang='grc' dir='ltr'><em>νέαν</em></span> <span class='ocrx_word' id='word_1_13' title='bbox 1740 236 1840 306; x_wconf 75' lang='grc' dir='ltr'><em>μὲν</em></span> 
     </span>
     <span class='ocr_line' id='line_1_3' title="bbox 159 325 1840 395; baseline 0 -16"><span class='ocrx_word' id='word_1_14' title='bbox 159 327 260 379; x_wconf 78' lang='grc' dir='ltr'><em>ἀπὸ</em></span> <span class='ocrx_word' id='word_1_15' title='bbox 300 334 394 393; x_wconf 75' lang='grc' dir='ltr'><em>τῆς</em></span> <span class='ocrx_word' id='word_1_16' title='bbox 433 325 657 394; x_wconf 80' lang='grc' dir='ltr'><em>ἀρχαίας</em></span> <span class='ocrx_word' id='word_1_17' title='bbox 695 327 755 378; x_wconf 90' lang='grc' dir='ltr'><em>τὸ</em></span> <span class='ocrx_word' id='word_1_18' title='bbox 797 327 888 378; x_wconf 80' lang='grc' dir='ltr'><strong>διὰ</strong></span> <span class='ocrx_word' id='word_1_19' title='bbox 926 325 1096 395; x_wconf 82' lang='grc' dir='ltr'><strong><em>μέσου</em></strong></span> <span class='ocrx_word' id='word_1_20' title='bbox 1137 326 1265 395; x_wconf 79' lang='grc' dir='ltr'><em>ῥέον</em></span> <span class='ocrx_word' id='word_1_21' title='bbox 1305 328 1531 395; x_wconf 76' lang='grc' dir='ltr'><em>χωρίζει,</em></span> <span class='ocrx_word' id='word_1_22' title='bbox 1571 328 1840 395; x_wconf 74' lang='grc' dir='ltr'><em>γεφύραις</em></span> 
     </span>
     <span class='ocr_line' id='line_1_4' title="bbox 160 413 1839 483; baseline -0.001 -15"><span class='ocrx_word' id='word_1_23' title='bbox 160 417 220 468; x_wconf 79' lang='grc' dir='ltr'><em>δὲ</em></span> <span class='ocrx_word' id='word_1_24' title='bbox 258 413 418 467; x_wconf 80' lang='grc' dir='ltr'><em>πέντε</em></span> <span class='ocrx_word' id='word_1_25' title='bbox 464 416 712 483; x_wconf 76' lang='grc' dir='ltr'><em>ἰσχυραῖς</em></span> <span class='ocrx_word' id='word_1_26' title='bbox 752 415 812 466; x_wconf 90' lang='grc' dir='ltr'><em>τὸ</em></span> <span class='ocrx_word' id='word_1_27' title='bbox 855 415 1137 482; x_wconf 81' lang='grc' dir='ltr'><em>διεστηκὸς</em></span> <span class='ocrx_word' id='word_1_28' title='bbox 1175 423 1338 468; x_wconf 88' lang='grc' dir='ltr'><em>τοῦτο</em></span> <span class='ocrx_word' id='word_1_29' title='bbox 1379 416 1673 468; x_wconf 81' lang='grc' dir='ltr'><em>συνδεῖται.</em></span> <span class='ocrx_word' id='word_1_30' title='bbox 1750 415 1839 467; x_wconf 86' lang='grc' dir='ltr'><em>καὶ</em></span> 
     </span>
     <span class='ocr_line' id='line_1_5' title="bbox 159 500 1841 572; baseline 0 -16"><span class='ocrx_word' id='word_1_31' title='bbox 159 506 218 556; x_wconf 91' lang='grc' dir='ltr'><em>τὸ</em></span> <span class='ocrx_word' id='word_1_32' title='bbox 250 500 351 571; x_wconf 75' lang='grc' dir='ltr'><em>μὲν</em></span> <span class='ocrx_word' id='word_1_33' title='bbox 381 502 532 571; x_wconf 78' lang='grc' dir='ltr'><em>ὕδωρ</em></span> <span class='ocrx_word' id='word_1_34' title='bbox 567 504 668 555; x_wconf 80' lang='grc' dir='ltr'><em>δύο</em></span> <span class='ocrx_word' id='word_1_35' title='bbox 701 511 848 555; x_wconf 87' lang='grc' dir='ltr'><em>ποιεῖ</em></span> <span class='ocrx_word' id='word_1_36' title='bbox 879 504 978 571; x_wconf 88' lang='grc' dir='ltr'><em>τὴν</em></span> <span class='ocrx_word' id='word_1_37' title='bbox 1009 502 1292 572; x_wconf 76' lang='grc' dir='ltr'><em>ἡμετέραν,</em></span> <span class='ocrx_word' id='word_1_38' title='bbox 1333 502 1534 556; x_wconf 82' lang='grc' dir='ltr'><em>ἐκεῖναι</em></span> <span class='ocrx_word' id='word_1_39' title='bbox 1575 501 1635 556; x_wconf 75' lang='grc' dir='ltr'><em>δὲ</em></span> <span class='ocrx_word' id='word_1_40' title='bbox 1668 503 1841 572; x_wconf 82' lang='grc' dir='ltr'><em>αὐτὴν</em></span> 
     </span>
    </p>
   </div>
   <div class='ocr_carea' id='block_1_3' title="bbox 160 586 1907 662">
    <p class='ocr_par' dir='ltr' id='par_1_3' title="bbox 160 586 1907 662">
     <span class='ocr_line' id='line_1_6' title="bbox 160 586 1907 662; baseline -0.001 -17"><span class='ocrx_word' id='word_1_41' title='bbox 160 594 261 645; x_wconf 89' lang='grc' dir='ltr'><em>οὐκ</em></span> <span class='ocrx_word' id='word_1_42' title='bbox 302 591 466 643; x_wconf 83' lang='grc' dir='ltr'><em>ἐῶσιν</em></span> <span class='ocrx_word' id='word_1_43' title='bbox 505 586 646 643; x_wconf 86' lang='grc' dir='ltr'><em>εἶναι</em></span> <span class='ocrx_word' id='word_1_44' title='bbox 688 593 815 659; x_wconf 79' lang='grc' dir='ltr'><em>δύο,</em></span> <span class='ocrx_word' id='word_1_45' title='bbox 854 595 1295 660; x_wconf 83' lang='grc' dir='ltr'><em>παραζευγνῦσαι</em></span> <span class='ocrx_word' id='word_1_46' title='bbox 1335 593 1435 660; x_wconf 86' lang='grc' dir='ltr'><em>τὴν</em></span> <span class='ocrx_word' id='word_1_47' title='bbox 1475 591 1738 661; x_wconf 80' lang='grc' dir='ltr'><em>δευτέραν</em></span> <span class='ocrx_word' id='word_1_48' title='bbox 1776 601 1840 662; x_wconf 81' lang='grc' dir='ltr'><em>τῇ</em></span> <span class='ocrx_word' id='word_1_49' title='bbox 1890 614 1907 644; x_wconf 80' lang='lat'>5</span> 
     </span>
    </p>
   </div>
   <div class='ocr_carea' id='block_1_4' title="bbox 159 679 1847 1460">
    <p class='ocr_par' dir='ltr' id='par_1_4' title="bbox 159 679 1847 1460">
     <span class='ocr_line' id='line_1_7' title="bbox 159 679 1842 749; baseline 0.001 -17"><span class='ocrx_word' id='word_1_50' title='bbox 159 679 517 749; x_wconf 72' lang='grc' dir='ltr'><em>πρεσβυτέρᾳ,</em></span> <span class='ocrx_word' id='word_1_51' title='bbox 556 681 805 748; x_wconf 80' lang='grc' dir='ltr'><em>καθάπερ</em></span> <span class='ocrx_word' id='word_1_52' title='bbox 846 684 1032 732; x_wconf 88' lang='grc' dir='ltr'><em>πῶλον</em></span> <span class='ocrx_word' id='word_1_53' title='bbox 1071 682 1247 749; x_wconf 90' lang='grc' dir='ltr'><em>μητρί.</em></span> <span class='ocrx_word' id='word_1_54' title='bbox 1303 680 1424 733; x_wconf 86' lang='grc'><strong>209.</strong></span> <span class='ocrx_word' id='word_1_55' title='bbox 1467 683 1731 733; x_wconf 84' lang='grc' dir='ltr'><em>σκοπείτω</em></span> <span class='ocrx_word' id='word_1_56' title='bbox 1774 683 1842 749; x_wconf 81' lang='grc' dir='ltr'><em>δή</em></span> 
     </span>
     <span class='ocr_line' id='line_1_8' title="bbox 160 769 1842 838; baseline -0.001 -16"><span class='ocrx_word' id='word_1_57' title='bbox 160 790 258 837; x_wconf 89' lang='grc' dir='ltr'><em>τις,</em></span> <span class='ocrx_word' id='word_1_58' title='bbox 298 769 371 831; x_wconf 84' lang='grc' dir='ltr'><em>ὡς</em></span> <span class='ocrx_word' id='word_1_59' title='bbox 411 773 516 820; x_wconf 83' lang='grc' dir='ltr'><em>εἴτε</em></span> <span class='ocrx_word' id='word_1_60' title='bbox 556 770 769 837; x_wconf 81' lang='grc' dir='ltr'><em>μακρὰν</em></span> <span class='ocrx_word' id='word_1_61' title='bbox 802 770 1063 821; x_wconf 78' lang='grc' dir='ltr'><em>τετάσθαι</em></span> <span class='ocrx_word' id='word_1_62' title='bbox 1097 771 1259 821; x_wconf 91' lang='grc' dir='ltr'><em>πόλιν</em></span> <span class='ocrx_word' id='word_1_63' title='bbox 1293 771 1536 838; x_wconf 81' lang='grc' dir='ltr'><em>ἄριστον,</em></span> <span class='ocrx_word' id='word_1_64' title='bbox 1576 770 1608 838; x_wconf 83' lang='grc' dir='ltr'><em>ἡ</em></span> <span class='ocrx_word' id='word_1_65' title='bbox 1639 771 1842 823; x_wconf 79' lang='grc' dir='ltr'><em>παλαιὰ</em></span> 
     </span>
     <span class='ocr_line' id='line_1_9' title="bbox 159 855 1843 928; baseline 0 -17"><span class='ocrx_word' id='word_1_66' title='bbox 159 866 359 911; x_wconf 88' lang='grc' dir='ltr'><em>τοῦτον</em></span> <span class='ocrx_word' id='word_1_67' title='bbox 397 857 529 925; x_wconf 82' lang='grc' dir='ltr'><em>ἡμῖν</em></span> <span class='ocrx_word' id='word_1_68' title='bbox 567 855 791 928; x_wconf 72' lang='grc' dir='ltr'><em>ᾤκισται</em></span> <span class='ocrx_word' id='word_1_69' title='bbox 830 858 926 909; x_wconf 90' lang='grc' dir='ltr'><em>τὸν</em></span> <span class='ocrx_word' id='word_1_70' title='bbox 960 859 1184 925; x_wconf 79' lang='grc' dir='ltr'><em>τρόπον,</em></span> <span class='ocrx_word' id='word_1_71' title='bbox 1224 862 1332 910; x_wconf 77' lang='grc' dir='ltr'><em>εἴτε</em></span> <span class='ocrx_word' id='word_1_72' title='bbox 1362 859 1422 910; x_wconf 92' lang='grc' dir='ltr'><em>τὸ</em></span> <span class='ocrx_word' id='word_1_73' title='bbox 1454 859 1662 911; x_wconf 81' lang='grc' dir='ltr'><em>κύκλου</em></span> <span class='ocrx_word' id='word_1_74' title='bbox 1694 858 1843 925; x_wconf 89' lang='grc' dir='ltr'><em>μετέ-</em></span> 
     </span>
     <span class='ocr_line' id='line_1_10' title="bbox 161 944 1843 1016; baseline 0.001 -17"><span class='ocrx_word' id='word_1_75' title='bbox 161 967 262 1016; x_wconf 84' lang='grc' dir='ltr'><em>χον</em></span> <span class='ocrx_word' id='word_1_76' title='bbox 312 945 829 1014; x_wconf 78' lang='grc' dir='ltr'><em>εὐσχημονέστερον,</em></span> <span class='ocrx_word' id='word_1_77' title='bbox 882 948 959 1008; x_wconf 89' lang='grc' dir='ltr'><em>εἰς</em></span> <span class='ocrx_word' id='word_1_78' title='bbox 1010 947 1110 1014; x_wconf 85' lang='grc' dir='ltr'><em>τὴν</em></span> <span class='ocrx_word' id='word_1_79' title='bbox 1155 944 1287 999; x_wconf 90' lang='grc' dir='ltr'><em>νεάν</em></span> <span class='ocrx_word' id='word_1_80' title='bbox 1333 954 1494 999; x_wconf 88' lang='grc' dir='ltr'><em>τοῦτο</em></span> <span class='ocrx_word' id='word_1_81' title='bbox 1544 948 1686 1014; x_wconf 75' lang='grc' dir='ltr'><em>ἥκει,</em></span> <span class='ocrx_word' id='word_1_82' title='bbox 1737 952 1843 1000; x_wconf 79' lang='grc' dir='ltr'><em>εἴτε</em></span> 
     </span>
     <span class='ocr_line' id='line_1_11' title="bbox 161 1032 1845 1103; baseline 0 -15"><span class='ocrx_word' id='word_1_83' title='bbox 161 1034 309 1088; x_wconf 85' lang='grc' dir='ltr'><em>τοῦτ’</em></span> <span class='ocrx_word' id='word_1_84' title='bbox 357 1035 487 1087; x_wconf 86' lang='grc' dir='ltr'><em>αὐτὸ</em></span> <span class='ocrx_word' id='word_1_85' title='bbox 539 1034 814 1102; x_wconf 80' lang='grc' dir='ltr'><em>μεγέθους</em></span> <span class='ocrx_word' id='word_1_86' title='bbox 866 1043 1092 1103; x_wconf 86' lang='grc' dir='ltr'><em>σημεῖον</em></span> <span class='ocrx_word' id='word_1_87' title='bbox 1130 1036 1190 1087; x_wconf 91' lang='grc' dir='ltr'><em>τὸ</em></span> <span class='ocrx_word' id='word_1_88' title='bbox 1241 1036 1312 1103; x_wconf 83' lang='grc' dir='ltr'><em>μὴ</em></span> <span class='ocrx_word' id='word_1_89' title='bbox 1352 1043 1476 1103; x_wconf 87' lang='grc' dir='ltr'><em>μιᾶς</em></span> <span class='ocrx_word' id='word_1_90' title='bbox 1517 1035 1665 1098; x_wconf 80' lang='grc' dir='ltr'><em>ἰδέας</em></span> <span class='ocrx_word' id='word_1_91' title='bbox 1704 1032 1845 1088; x_wconf 83' lang='grc' dir='ltr'><em>εἶναι</em></span> 
     </span>
     <span class='ocr_line' id='line_1_12' title="bbox 160 1122 1845 1193; baseline 0 -17"><span class='ocrx_word' id='word_1_92' title='bbox 160 1126 261 1192; x_wconf 82' lang='grc' dir='ltr'><em>τὴν</em></span> <span class='ocrx_word' id='word_1_93' title='bbox 292 1126 472 1191; x_wconf 89' lang='grc' dir='ltr'><em>πόλιν,</em></span> <span class='ocrx_word' id='word_1_94' title='bbox 512 1123 774 1191; x_wconf 80' lang='grc' dir='ltr'><em>ἐνταῦθα,</em></span> <span class='ocrx_word' id='word_1_95' title='bbox 815 1129 964 1192; x_wconf 72' lang='grc' dir='ltr'><em>εἴπερ</em></span> <span class='ocrx_word' id='word_1_96' title='bbox 1001 1142 1127 1189; x_wconf 91' lang='grc' dir='ltr'><em>που,</em></span> <span class='ocrx_word' id='word_1_97' title='bbox 1167 1132 1333 1176; x_wconf 87' lang='grc' dir='ltr'><em>πᾶσαι</em></span> <span class='ocrx_word' id='word_1_98' title='bbox 1366 1122 1575 1193; x_wconf 86' lang='grc' dir='ltr'><em>μορφαὶ</em></span> <span class='ocrx_word' id='word_1_99' title='bbox 1614 1126 1845 1191; x_wconf 88' lang='grc' dir='ltr'><em>πόλεων,</em></span> 
     </span>
     <span class='ocr_line' id='line_1_13' title="bbox 161 1211 1847 1282; baseline 0 -17"><span class='ocrx_word' id='word_1_100' title='bbox 161 1213 299 1265; x_wconf 82' lang='grc' dir='ltr'><em>ὥστε</em></span> <span class='ocrx_word' id='word_1_101' title='bbox 348 1213 497 1274; x_wconf 84' lang='grc' dir='ltr'><em>ὅστις</em></span> <span class='ocrx_word' id='word_1_102' title='bbox 535 1214 871 1281; x_wconf 80' lang='grc' dir='ltr'><em>τετραχόθεν</em></span> <span class='ocrx_word' id='word_1_103' title='bbox 920 1217 1045 1279; x_wconf 74' lang='grc' dir='ltr'><em>ἴσην</em></span> <span class='ocrx_word' id='word_1_104' title='bbox 1085 1212 1251 1264; x_wconf 85' lang='grc' dir='ltr'><em>οἰκῶν</em></span> <span class='ocrx_word' id='word_1_105' title='bbox 1298 1211 1611 1280; x_wconf 77' lang='grc' dir='ltr'><em>ἀγάλλεται,</em></span> <span class='ocrx_word' id='word_1_106' title='bbox 1658 1221 1722 1282; x_wconf 76' lang='grc' dir='ltr'><em>τῇ</em></span> <span class='ocrx_word' id='word_1_107' title='bbox 1761 1233 1847 1278; x_wconf 88' lang='grc' dir='ltr'><em>μι-</em></span> 
     </span>
     <span class='ocr_line' id='line_1_14' title="bbox 161 1300 1847 1370; baseline 0 -16"><span class='ocrx_word' id='word_1_108' title='bbox 161 1304 383 1370; x_wconf 89' lang='grc' dir='ltr'><em>κρότητι</em></span> <span class='ocrx_word' id='word_1_109' title='bbox 414 1302 876 1369; x_wconf 82' lang='grc' dir='ltr'><em>φιλοτιμούμενος</em></span> <span class='ocrx_word' id='word_1_110' title='bbox 911 1305 1055 1353; x_wconf 73' lang='grc' dir='ltr'><em>ἴστω.</em></span> <span class='ocrx_word' id='word_1_111' title='bbox 1117 1301 1239 1353; x_wconf 94' lang='grc'><strong>210.</strong></span> <span class='ocrx_word' id='word_1_112' title='bbox 1280 1301 1461 1370; x_wconf 84' lang='grc' dir='ltr'><em>ὥσπερ</em></span> <span class='ocrx_word' id='word_1_113' title='bbox 1502 1302 1604 1370; x_wconf 83' lang='grc' dir='ltr'><em>γὰρ</em></span> <span class='ocrx_word' id='word_1_114' title='bbox 1639 1300 1699 1354; x_wconf 85' lang='grc' dir='ltr'><em>έν</em></span> <span class='ocrx_word' id='word_1_115' title='bbox 1729 1310 1847 1364; x_wconf 91' lang='grc' dir='ltr'><em>ταῖς</em></span> 
     </span>
     <span class='ocr_line' id='line_1_15' title="bbox 162 1382 1846 1460; baseline -0.001 -17"><span class='ocrx_word' id='word_1_116' title='bbox 162 1393 451 1459; x_wconf 82' lang='grc' dir='ltr'><em>γεωργίαις</em></span> <span class='ocrx_word' id='word_1_117' title='bbox 490 1391 550 1442; x_wconf 91' lang='grc' dir='ltr'><em>τὸ</em></span> <span class='ocrx_word' id='word_1_118' title='bbox 601 1387 702 1455; x_wconf 75' lang='grc' dir='ltr'><em>μὲν</em></span> <span class='ocrx_word' id='word_1_119' title='bbox 740 1389 932 1457; x_wconf 83' lang='grc' dir='ltr'><em>ὀλίγον</em></span> <span class='ocrx_word' id='word_1_120' title='bbox 970 1391 1167 1458; x_wconf 84' lang='grc' dir='ltr'><em>γήδιον</em></span> <span class='ocrx_word' id='word_1_121' title='bbox 1213 1390 1440 1460; x_wconf 78' lang='grc' dir='ltr'><em>ῥᾳδίως,</em></span> <span class='ocrx_word' id='word_1_122' title='bbox 1492 1382 1613 1442; x_wconf 83' lang='grc' dir='ltr'><em>οἷον</em></span> <span class='ocrx_word' id='word_1_123' title='bbox 1652 1389 1712 1442; x_wconf 82' lang='grc' dir='ltr'><em>ἐν</em></span> <span class='ocrx_word' id='word_1_124' title='bbox 1753 1392 1846 1453; x_wconf 83' lang='grc' dir='ltr'><em>ζω-</em></span> 
     </span>
    </p>
   </div>
   <div class='ocr_carea' id='block_1_5' title="bbox 163 1475 1934 1547">
    <p class='ocr_par' dir='ltr' id='par_1_5' title="bbox 163 1475 1934 1547">
     <span class='ocr_line' id='line_1_16' title="bbox 163 1475 1934 1547; baseline 0.001 -16"><span class='ocrx_word' id='word_1_125' title='bbox 163 1479 396 1547; x_wconf 89' lang='grc' dir='ltr'><em>γράφων</em></span> <span class='ocrx_word' id='word_1_126' title='bbox 431 1482 436 1545; x_wconf 84' lang='grc' dir='ltr'>Ι</span> <span class='ocrx_word' id='word_1_127' title='bbox 471 1477 709 1546; x_wconf 84' lang='grc' dir='ltr'><em>πίναξιν,</em></span> <span class='ocrx_word' id='word_1_128' title='bbox 759 1480 1011 1546; x_wconf 78' lang='grc' dir='ltr'><em>ἤσκηται,</em></span> <span class='ocrx_word' id='word_1_129' title='bbox 1063 1479 1118 1530; x_wconf 85' lang='grc' dir='ltr'><em>αἱ</em></span> <span class='ocrx_word' id='word_1_130' title='bbox 1161 1475 1219 1529; x_wconf 77' lang='grc' dir='ltr'><em>δὲ</em></span> <span class='ocrx_word' id='word_1_131' title='bbox 1258 1487 1369 1530; x_wconf 82' lang='grc' dir='ltr'><em>τῶν</em></span> <span class='ocrx_word' id='word_1_132' title='bbox 1409 1478 1756 1546; x_wconf 83' lang='grc' dir='ltr'><em>εὐδαιμόνων</em></span> <span class='ocrx_word' id='word_1_133' title='bbox 1788 1490 1934 1534; x_wconf 82' lang='lat' dir='ltr'><strong>R342</strong></span> 
     </span>
    </p>
   </div>
   <div class='ocr_carea' id='block_1_6' title="bbox 165 1565 1851 1901">
    <p class='ocr_par' dir='ltr' id='par_1_6' title="bbox 165 1565 1851 1901">
     <span class='ocr_line' id='line_1_17' title="bbox 166 1565 1850 1636; baseline -0.001 -17"><span class='ocrx_word' id='word_1_134' title='bbox 166 1569 401 1636; x_wconf 78' lang='grc' dir='ltr'><em>ἄρουραι</em></span> <span class='ocrx_word' id='word_1_135' title='bbox 433 1575 596 1619; x_wconf 89' lang='grc' dir='ltr'><em>τοῦτο</em></span> <span class='ocrx_word' id='word_1_136' title='bbox 630 1567 731 1635; x_wconf 89' lang='grc' dir='ltr'><em>οὐχ</em></span> <span class='ocrx_word' id='word_1_137' title='bbox 766 1565 1159 1634; x_wconf 84' lang='grc' dir='ltr'><em>ὑπομένουσιν,</em></span> <span class='ocrx_word' id='word_1_138' title='bbox 1199 1566 1336 1619; x_wconf 78' lang='grc' dir='ltr'><em>ἀλλὰ</em></span> <span class='ocrx_word' id='word_1_139' title='bbox 1368 1565 1656 1634; x_wconf 87' lang='grc' dir='ltr'><em>κεχυμέναι</em></span> <span class='ocrx_word' id='word_1_140' title='bbox 1690 1567 1850 1629; x_wconf 79' lang='grc' dir='ltr'><em>δαψι-</em></span> 
     </span>
     <span class='ocr_line' id='line_1_18' title="bbox 167 1651 1850 1723; baseline -0.001 -15"><span class='ocrx_word' id='word_1_141' title='bbox 167 1660 275 1718; x_wconf 83' lang='grc' dir='ltr'><em>λῶς</em></span> <span class='ocrx_word' id='word_1_142' title='bbox 312 1657 373 1708; x_wconf 86' lang='grc' dir='ltr'><em>τὸ</em></span> <span class='ocrx_word' id='word_1_143' title='bbox 413 1655 514 1722; x_wconf 83' lang='grc' dir='ltr'><em>μὲν</em></span> <span class='ocrx_word' id='word_1_144' title='bbox 553 1655 735 1708; x_wconf 82' lang='grc' dir='ltr'><em>αὐτῶν</em></span> <span class='ocrx_word' id='word_1_145' title='bbox 774 1654 986 1723; x_wconf 86' lang='grc' dir='ltr'><em>εἰσέχει,</em></span> <span class='ocrx_word' id='word_1_146' title='bbox 1024 1655 1084 1707; x_wconf 90' lang='grc' dir='ltr'><em>τὸ</em></span> <span class='ocrx_word' id='word_1_147' title='bbox 1127 1651 1186 1707; x_wconf 78' lang='grc' dir='ltr'><em>δὲ</em></span> <span class='ocrx_word' id='word_1_148' title='bbox 1226 1653 1418 1723; x_wconf 78' lang='grc' dir='ltr'><em>ἐξέχει,</em></span> <span class='ocrx_word' id='word_1_149' title='bbox 1469 1654 1610 1707; x_wconf 79' lang='grc' dir='ltr'><em>οὕτω</em></span> <span class='ocrx_word' id='word_1_150' title='bbox 1651 1655 1719 1722; x_wconf 82' lang='grc' dir='ltr'><em>δὴ</em></span> <span class='ocrx_word' id='word_1_151' title='bbox 1758 1655 1850 1707; x_wconf 84' lang='grc' dir='ltr'><em>καὶ</em></span> 
     </span>
     <span class='ocr_line' id='line_1_19' title="bbox 165 1742 1849 1813; baseline -0.001 -16"><span class='ocrx_word' id='word_1_152' title='bbox 165 1743 252 1797; x_wconf 81' lang='grc' dir='ltr'><em>ἐπὶ</em></span> <span class='ocrx_word' id='word_1_153' title='bbox 302 1753 414 1796; x_wconf 81' lang='grc' dir='ltr'><em>τῶν</em></span> <span class='ocrx_word' id='word_1_154' title='bbox 463 1745 678 1796; x_wconf 91' lang='grc' dir='ltr'><em>πόλεων</em></span> <span class='ocrx_word' id='word_1_155' title='bbox 724 1745 784 1796; x_wconf 90' lang='grc' dir='ltr'><em>τὸ</em></span> <span class='ocrx_word' id='word_1_156' title='bbox 832 1744 934 1809; x_wconf 83' lang='grc' dir='ltr'><em>μὲν</em></span> <span class='ocrx_word' id='word_1_157' title='bbox 984 1742 1345 1813; x_wconf 84' lang='grc' dir='ltr'><em>ἐστερημένον</em></span> <span class='ocrx_word' id='word_1_158' title='bbox 1394 1742 1668 1811; x_wconf 83' lang='grc' dir='ltr'><em>μεγέθους</em></span> <span class='ocrx_word' id='word_1_159' title='bbox 1717 1748 1849 1795; x_wconf 75' lang='grc' dir='ltr'><em>εἴκει</em></span> 
     </span>
     <span class='ocr_line' id='line_1_20' title="bbox 166 1829 1851 1901; baseline -0.001 -17"><span class='ocrx_word' id='word_1_160' title='bbox 166 1838 264 1901; x_wconf 79' lang='grc' dir='ltr'><em>μιᾷ</em></span> <span class='ocrx_word' id='word_1_161' title='bbox 301 1840 504 1901; x_wconf 77' lang='grc' dir='ltr'><em>μορφῇ,</em></span> <span class='ocrx_word' id='word_1_162' title='bbox 544 1833 605 1884; x_wconf 91' lang='grc' dir='ltr'><em>τὸ</em></span> <span class='ocrx_word' id='word_1_163' title='bbox 640 1829 700 1884; x_wconf 77' lang='grc' dir='ltr'><em>δὲ</em></span> <span class='ocrx_word' id='word_1_164' title='bbox 733 1831 1007 1901; x_wconf 85' lang='grc' dir='ltr'><em>μεγέθους</em></span> <span class='ocrx_word' id='word_1_165' title='bbox 1044 1833 1321 1900; x_wconf 86' lang='grc' dir='ltr'><em>τυγχάνον</em></span> <span class='ocrx_word' id='word_1_166' title='bbox 1359 1833 1493 1884; x_wconf 84' lang='grc' dir='ltr'><em>κατὰ</em></span> <span class='ocrx_word' id='word_1_167' title='bbox 1531 1832 1592 1883; x_wconf 88' lang='grc' dir='ltr'><em>τὸ</em></span> <span class='ocrx_word' id='word_1_168' title='bbox 1634 1833 1851 1900; x_wconf 84' lang='grc' dir='ltr'><em>συμβὰν</em></span> 
     </span>
    </p>
   </div>
   <div class='ocr_carea' id='block_1_7' title="bbox 168 1917 1894 1989">
    <p class='ocr_par' dir='ltr' id='par_1_7' title="bbox 168 1917 1894 1989">
     <span class='ocr_line' id='line_1_21' title="bbox 168 1917 1894 1989; baseline -0.001 -15"><span class='ocrx_word' id='word_1_169' title='bbox 168 1919 468 1989; x_wconf 78' lang='grc' dir='ltr'><em>ἐκφέρεται.</em></span> <span class='ocrx_word' id='word_1_170' title='bbox 546 1921 668 1973; x_wconf 93' lang='grc'><strong>211.</strong></span> <span class='ocrx_word' id='word_1_171' title='bbox 721 1919 782 1972; x_wconf 84' lang='grc' dir='ltr'><em>ἐν</em></span> <span class='ocrx_word' id='word_1_172' title='bbox 833 1917 893 1972; x_wconf 74' lang='grc' dir='ltr'><em>δὲ</em></span> <span class='ocrx_word' id='word_1_173' title='bbox 944 1923 1125 1989; x_wconf 85' lang='grc' dir='ltr'><em>μνήμῃ</em></span> <span class='ocrx_word' id='word_1_174' title='bbox 1176 1918 1450 1988; x_wconf 85' lang='grc' dir='ltr'><em>μεγέθους</em></span> <span class='ocrx_word' id='word_1_175' title='bbox 1500 1917 1619 1972; x_wconf 79' lang='grc' dir='ltr'><em>οὐδ’</em></span> <span class='ocrx_word' id='word_1_176' title='bbox 1674 1919 1850 1972; x_wconf 82' lang='grc' dir='ltr'><em>ἐκεῖνο</em></span> <span class='ocrx_word' id='word_1_177' title='bbox 1875 1942 1894 1973; x_wconf 77' lang='lat'><strong><em>2</em></strong></span> 
     </span>
    </p>
   </div>
   <div class='ocr_carea' id='block_1_8' title="bbox 166 2004 1852 2257">
    <p class='ocr_par' dir='ltr' id='par_1_8' title="bbox 166 2004 1852 2257">
     <span class='ocr_line' id='line_1_22' title="bbox 166 2004 1852 2080; baseline -0.001 -18"><span class='ocrx_word' id='word_1_178' title='bbox 166 2010 409 2078; x_wconf 85' lang='grc' dir='ltr'><em>παρήσω,</em></span> <span class='ocrx_word' id='word_1_179' title='bbox 450 2009 533 2060; x_wconf 81' lang='grc' dir='ltr'><em>ὅτι</em></span> <span class='ocrx_word' id='word_1_180' title='bbox 565 2015 639 2080; x_wconf 81' lang='grc' dir='ltr'><em>τῷ</em></span> <span class='ocrx_word' id='word_1_181' title='bbox 673 2011 830 2077; x_wconf 86' lang='grc' dir='ltr'><em>μήκει</em></span> <span class='ocrx_word' id='word_1_182' title='bbox 861 2015 936 2080; x_wconf 80' lang='grc' dir='ltr'><em>τῷ</em></span> <span class='ocrx_word' id='word_1_183' title='bbox 962 2018 1072 2061; x_wconf 84' lang='grc' dir='ltr'><em>τῶν</em></span> <span class='ocrx_word' id='word_1_184' title='bbox 1103 2018 1282 2061; x_wconf 84' lang='grc' dir='ltr'><em>στοῶν</em></span> <span class='ocrx_word' id='word_1_185' title='bbox 1320 2004 1399 2061; x_wconf 81' lang='grc' dir='ltr'><em>ὧν</em></span> <span class='ocrx_word' id='word_1_186' title='bbox 1434 2018 1653 2077; x_wconf 85' lang='grc' dir='ltr'><em>πρῶτον</em></span> <span class='ocrx_word' id='word_1_187' title='bbox 1692 2007 1852 2077; x_wconf 82' lang='grc' dir='ltr'><em>ἐμνή-</em></span> 
     </span>
     <span class='ocr_line' id='line_1_23' title="bbox 167 2095 1852 2166; baseline -0.001 -15"><span class='ocrx_word' id='word_1_188' title='bbox 167 2103 332 2166; x_wconf 83' lang='grc' dir='ltr'><em>σθην,</em></span> <span class='ocrx_word' id='word_1_189' title='bbox 372 2102 427 2150; x_wconf 78' lang='grc' dir='ltr'><em>εἴ</em></span> <span class='ocrx_word' id='word_1_190' title='bbox 457 2117 540 2160; x_wconf 92' lang='grc' dir='ltr'><em>τις</em></span> <span class='ocrx_word' id='word_1_191' title='bbox 577 2098 673 2159; x_wconf 81' lang='grc' dir='ltr'><em>τὰς</em></span> <span class='ocrx_word' id='word_1_192' title='bbox 712 2095 801 2150; x_wconf 83' lang='grc' dir='ltr'><em>ἀπ’</em></span> <span class='ocrx_word' id='word_1_193' title='bbox 842 2096 1068 2150; x_wconf 80' lang='grc' dir='ltr'><em>ἐκείνων</em></span> <span class='ocrx_word' id='word_1_194' title='bbox 1100 2095 1188 2149; x_wconf 83' lang='grc' dir='ltr'><em>ἐπὶ</em></span> <span class='ocrx_word' id='word_1_195' title='bbox 1219 2098 1317 2149; x_wconf 89' lang='grc' dir='ltr'><em>τὸν</em></span> <span class='ocrx_word' id='word_1_196' title='bbox 1346 2098 1591 2163; x_wconf 88' lang='grc' dir='ltr'><em>ποταμὸν</em></span> <span class='ocrx_word' id='word_1_197' title='bbox 1630 2097 1852 2166; x_wconf 77' lang='grc' dir='ltr'><em>ῥυείσας</em></span> 
     </span>
     <span class='ocr_line' id='line_1_24' title="bbox 168 2183 1851 2257; baseline -0.001 -19"><span class='ocrx_word' id='word_1_198' title='bbox 168 2186 467 2249; x_wconf 83' lang='grc' dir='ltr'><em>συνάψειεν</em></span> <span class='ocrx_word' id='word_1_199' title='bbox 506 2184 701 2254; x_wconf 80' lang='grc' dir='ltr'><em>ἑτέρως</em></span> <span class='ocrx_word' id='word_1_200' title='bbox 738 2192 812 2257; x_wconf 78' lang='grc' dir='ltr'><em>τῷ</em></span> <span class='ocrx_word' id='word_1_201' title='bbox 845 2188 1002 2254; x_wconf 87' lang='grc' dir='ltr'><em>μήκει</em></span> <span class='ocrx_word' id='word_1_202' title='bbox 1040 2187 1369 2254; x_wconf 79' lang='grc' dir='ltr'><em>προσθήκην</em></span> <span class='ocrx_word' id='word_1_203' title='bbox 1399 2186 1731 2254; x_wconf 85' lang='grc' dir='ltr'><em>ποιούμενος</em></span> <span class='ocrx_word' id='word_1_204' title='bbox 1761 2183 1851 2238; x_wconf 87' lang='grc' dir='ltr'><em>καὶ</em></span> 
     </span>
    </p>
   </div>
   <div class='ocr_carea' id='block_1_9' title="bbox 170 2371 1857 2960">
    <p class='ocr_par' dir='ltr' id='par_1_9' title="bbox 170 2371 1857 2727">
     <span class='ocr_line' id='line_1_25' title="bbox 289 2371 1853 2445; baseline 0 -28"><span class='ocrx_word' id='word_1_205' title='bbox 289 2379 314 2417; x_wconf 98' lang='grc'><strong>2</strong></span> <span class='ocrx_word' id='word_1_206' title='bbox 347 2371 453 2431; x_wconf 70' lang='grc' dir='ltr'><em>ῥέον</em></span> <span class='ocrx_word' id='word_1_207' title='bbox 485 2388 560 2418; x_wconf 87' lang='grc' dir='ltr'><strong>οιιι</strong></span> <span class='ocrx_word' id='word_1_208' title='bbox 594 2377 678 2419; x_wconf 89' lang='lat' dir='ltr'><em>Mo</em></span> <span class='ocrx_word' id='word_1_209' title='bbox 719 2378 726 2431; x_wconf 87' lang='grc' dir='ltr'>Ι</span> <span class='ocrx_word' id='word_1_210' title='bbox 768 2391 895 2445; x_wconf 85' lang='grc' dir='ltr'><em>χωρι</em></span> <span class='ocrx_word' id='word_1_211' title='bbox 923 2374 972 2417; x_wconf 90' lang='lat' dir='ltr'><em>in</em></span> <span class='ocrx_word' id='word_1_212' title='bbox 1013 2372 1192 2432; x_wconf 83' lang='grc' dir='ltr'><em>χωρίζει</em></span> <span class='ocrx_word' id='word_1_213' title='bbox 1232 2374 1281 2417; x_wconf 89' lang='lat' dir='ltr'><em>in</em></span> <span class='ocrx_word' id='word_1_214' title='bbox 1312 2387 1386 2417; x_wconf 79' lang='lat' dir='ltr'><em>ras</em></span> <span class='ocrx_word' id='word_1_215' title='bbox 1409 2374 1467 2417; x_wconf 81' lang='lat'><em>1²</em></span> <span class='ocrx_word' id='word_1_216' title='bbox 1603 2379 1628 2418; x_wconf 89' lang='grc'>8</span> <span class='ocrx_word' id='word_1_217' title='bbox 1661 2388 1764 2418; x_wconf 83' lang='grc' dir='ltr'><em>σται</em></span> <span class='ocrx_word' id='word_1_218' title='bbox 1804 2374 1853 2417; x_wconf 89' lang='lat' dir='ltr'><em>in</em></span> 
     </span>
     <span class='ocr_line' id='line_1_26' title="bbox 172 2430 1852 2489; baseline -0.001 -11"><span class='ocrx_word' id='word_1_219' title='bbox 172 2432 362 2478; x_wconf 79' lang='grc' dir='ltr'><em>ὥκισται</em></span> <span class='ocrx_word' id='word_1_220' title='bbox 400 2433 449 2477; x_wconf 87' lang='lat' dir='ltr'><em>in</em></span> <span class='ocrx_word' id='word_1_221' title='bbox 479 2447 554 2478; x_wconf 78' lang='lat' dir='ltr'><em>ras</em></span> <span class='ocrx_word' id='word_1_222' title='bbox 581 2435 619 2480; x_wconf 87' lang='lat' dir='ltr'><strong><em>C</em></strong></span> <span class='ocrx_word' id='word_1_223' title='bbox 629 2433 646 2458; x_wconf 85' lang='lat'><strong>²</strong></span> <span class='ocrx_word' id='word_1_224' title='bbox 785 2438 837 2477; x_wconf 92' lang='grc'><em>11</em></span> <span class='ocrx_word' id='word_1_225' title='bbox 873 2430 981 2489; x_wconf 82' lang='grc' dir='ltr'><em>ὅλην</em></span> <span class='ocrx_word' id='word_1_226' title='bbox 1012 2434 1134 2477; x_wconf 81' lang='lat' dir='ltr'><strong>inter</strong></span> <span class='ocrx_word' id='word_1_227' title='bbox 1164 2433 1247 2489; x_wconf 88' lang='grc' dir='ltr'><em>τὴν</em></span> <span class='ocrx_word' id='word_1_228' title='bbox 1281 2435 1329 2476; x_wconf 75' lang='lat' dir='ltr'><em>et</em></span> <span class='ocrx_word' id='word_1_229' title='bbox 1358 2431 1492 2477; x_wconf 82' lang='grc' dir='ltr'><em>πόλιν</em></span> <span class='ocrx_word' id='word_1_230' title='bbox 1516 2433 1575 2476; x_wconf 79' lang='lat'><em>1²</em></span> <span class='ocrx_word' id='word_1_231' title='bbox 1711 2438 1765 2476; x_wconf 83' lang='lat'><em>12</em></span> <span class='ocrx_word' id='word_1_232' title='bbox 1797 2434 1852 2478; x_wconf 80' lang='grc' dir='ltr'><em>οὐ</em></span> 
     </span>
     <span class='ocr_line' id='line_1_27' title="bbox 170 2489 1853 2566; baseline -0.001 -30"><span class='ocrx_word' id='word_1_233' title='bbox 170 2492 294 2536; x_wconf 76' lang='lat' dir='ltr'><strong>inter</strong></span> <span class='ocrx_word' id='word_1_234' title='bbox 325 2489 449 2543; x_wconf 80' lang='grc' dir='ltr'><em>ὅστις</em></span> <span class='ocrx_word' id='word_1_235' title='bbox 486 2495 543 2537; x_wconf 74' lang='lat' dir='ltr'><em>et</em></span> <span class='ocrx_word' id='word_1_236' title='bbox 563 2490 848 2566; x_wconf 83' lang='grc' dir='ltr'><em>τετραχόθεν</em></span> <span class='ocrx_word' id='word_1_237' title='bbox 879 2493 1063 2538; x_wconf 82' lang='lat' dir='ltr'><strong><em>ACPU</em></strong></span> <span class='ocrx_word' id='word_1_238' title='bbox 1078 2492 1180 2535; x_wconf 85' lang='lat' dir='ltr'><em>Mor</em></span> <span class='ocrx_word' id='word_1_239' title='bbox 1210 2494 1258 2536; x_wconf 76' lang='lat' dir='ltr'><em>et</em></span> <span class='ocrx_word' id='word_1_240' title='bbox 1287 2491 1413 2535; x_wconf 82' lang='lat' dir='ltr'>inser</span> <span class='ocrx_word' id='word_1_241' title='bbox 1443 2493 1488 2536; x_wconf 90' lang='lat' dir='ltr'><em>B</em></span> <span class='ocrx_word' id='word_1_242' title='bbox 1622 2498 1676 2536; x_wconf 89' lang='grc'><strong>14</strong></span> <span class='ocrx_word' id='word_1_243' title='bbox 1709 2491 1853 2536; x_wconf 78' lang='grc' dir='ltr'><em>οἱονεὶ</em></span> 
     </span>
     <span class='ocr_line' id='line_1_28' title="bbox 172 2548 1857 2609; baseline 0 -14"><span class='ocrx_word' id='word_1_244' title='bbox 172 2551 278 2595; x_wconf 86' lang='lat' dir='ltr'>coni</span> <span class='ocrx_word' id='word_1_245' title='bbox 308 2550 377 2595; x_wconf 79' lang='lat' dir='ltr'><em>Re</em></span> <span class='ocrx_word' id='word_1_246' title='bbox 418 2553 424 2609; x_wconf 91' lang='grc' dir='ltr'>Ι</span> <span class='ocrx_word' id='word_1_247' title='bbox 466 2551 724 2608; x_wconf 79' lang='grc' dir='ltr'><em>ζωγράφων</em></span> <span class='ocrx_word' id='word_1_248' title='bbox 753 2548 945 2604; x_wconf 79' lang='grc' dir='ltr'><em>πίναξιν</em></span> <span class='ocrx_word' id='word_1_249' title='bbox 988 2550 1174 2607; x_wconf 81' lang='lat' dir='ltr'><strong>scripsi,</strong></span> <span class='ocrx_word' id='word_1_250' title='bbox 1217 2553 1271 2594; x_wconf 79' lang='lat' dir='ltr'><em>ut</em></span> <span class='ocrx_word' id='word_1_251' title='bbox 1311 2552 1476 2607; x_wconf 71' lang='lat' dir='ltr'><strong>postea</strong></span> <span class='ocrx_word' id='word_1_252' title='bbox 1516 2551 1673 2595; x_wconf 85' lang='lat' dir='ltr'><strong>inveni</strong></span> <span class='ocrx_word' id='word_1_253' title='bbox 1714 2551 1760 2594; x_wconf 89' lang='lat' dir='ltr'><em>in</em></span> <span class='ocrx_word' id='word_1_254' title='bbox 1797 2553 1857 2595; x_wconf 88' lang='lat' dir='ltr'><strong><em>M</em></strong></span> 
     </span>
     <span class='ocr_line' id='line_1_29' title="bbox 171 2609 1853 2685; baseline -0.001 -31"><span class='ocrx_word' id='word_1_255' title='bbox 171 2623 314 2654; x_wconf 78' lang='lat' dir='ltr'><strong>manu</strong></span> <span class='ocrx_word' id='word_1_256' title='bbox 351 2610 606 2655; x_wconf 74' lang='lat' dir='ltr'>recentiore</span> <span class='ocrx_word' id='word_1_257' title='bbox 638 2610 942 2667; x_wconf 81' lang='lat' dir='ltr'>(Bessarionis</span> <span class='ocrx_word' id='word_1_258' title='bbox 959 2615 979 2653; x_wconf 76' lang='lat'><em>⁸?</em></span> <span class='ocrx_word' id='word_1_259' title='bbox 1010 2610 1115 2654; x_wconf 83' lang='lat' dir='ltr'>vide</span> <span class='ocrx_word' id='word_1_260' title='bbox 1146 2610 1291 2666; x_wconf 82' lang='lat' dir='ltr'><strong>praef</strong></span> <span class='ocrx_word' id='word_1_261' title='bbox 1324 2626 1368 2683; x_wconf 67' lang='grc' dir='ltr'><em>ρ.</em></span> <span class='ocrx_word' id='word_1_262' title='bbox 1402 2613 1505 2685; x_wconf 81' lang='lat'>214)</span> <span class='ocrx_word' id='word_1_263' title='bbox 1545 2609 1853 2666; x_wconf 74' lang='lat' dir='ltr'><strong>adscriptum:</strong></span> 
     </span>
     <span class='ocr_line' id='line_1_30' title="bbox 173 2665 1855 2743; baseline -0.001 -31"><span class='ocrx_word' id='word_1_264' title='bbox 173 2667 380 2713; x_wconf 75' lang='grc' dir='ltr'><em>κάλλιονε</em></span> <span class='ocrx_word' id='word_1_265' title='bbox 422 2665 526 2714; x_wconf 80' lang='grc' dir='ltr'><em>οἷον</em></span> <span class='ocrx_word' id='word_1_266' title='bbox 557 2669 607 2715; x_wconf 79' lang='grc' dir='ltr'><em>ἐν</em></span> <span class='ocrx_word' id='word_1_267' title='bbox 637 2668 900 2743; x_wconf 80' lang='grc' dir='ltr'><em>ζωγράφων</em></span> <span class='ocrx_word' id='word_1_268' title='bbox 926 2667 1117 2722; x_wconf 82' lang='grc' dir='ltr'><em>πίναξιν</em></span> <span class='ocrx_word' id='word_1_269' title='bbox 1191 2672 1419 2726; x_wconf 83' lang='grc' dir='ltr'><em>ζωγραφω</em></span> <span class='ocrx_word' id='word_1_270' title='bbox 1450 2668 1590 2722; x_wconf 82' lang='grc' dir='ltr'><em>πίναξ</em></span> <span class='ocrx_word' id='word_1_271' title='bbox 1622 2669 1732 2713; x_wconf 89' lang='lat' dir='ltr'>libri</span> <span class='ocrx_word' id='word_1_272' title='bbox 1764 2668 1855 2712; x_wconf 84' lang='lat' dir='ltr'><em>edd</em></span> 
     </span>
    </p>

    <p class='ocr_par' dir='ltr' id='par_1_10' title="bbox 173 2714 1855 2960">
     <span class='ocr_line' id='line_1_31' title="bbox 232 2714 1854 2796; baseline 0 -25"><span class='ocrx_word' id='word_1_273' title='bbox 232 2726 489 2796; x_wconf 71' lang='grc' dir='ltr'><em>ζωγράφων</em></span> <span class='ocrx_word' id='word_1_274' title='bbox 531 2729 611 2785; x_wconf 80' lang='lat' dir='ltr'><strong>(se.</strong></span> <span class='ocrx_word' id='word_1_275' title='bbox 655 2726 987 2785; x_wconf 78' lang='grc' dir='ltr'><em>ἐργαστηρίοις)</em></span> <span class='ocrx_word' id='word_1_276' title='bbox 1030 2725 1171 2781; x_wconf 80' lang='grc' dir='ltr'><em>πίναξ</em></span> <span class='ocrx_word' id='word_1_277' title='bbox 1215 2727 1319 2771; x_wconf 82' lang='lat' dir='ltr'>coni</span> <span class='ocrx_word' id='word_1_278' title='bbox 1360 2714 1430 2772; x_wconf 68' lang='lat' dir='ltr'><em>Re</em></span> <span class='ocrx_word' id='word_1_279' title='bbox 1578 2733 1630 2772; x_wconf 84' lang='grc'><strong>17</strong></span> <span class='ocrx_word' id='word_1_280' title='bbox 1674 2728 1732 2784; x_wconf 73' lang='grc' dir='ltr'><em>δὴ</em></span> <span class='ocrx_word' id='word_1_281' title='bbox 1774 2727 1854 2772; x_wconf 77' lang='grc' dir='ltr'><em>καὶ</em></span> 
     </span>
     <span class='ocr_line' id='line_1_32' title="bbox 175 2786 1855 2846; baseline 0 -16"><span class='ocrx_word' id='word_1_282' title='bbox 175 2786 339 2843; x_wconf 80' lang='lat' dir='ltr'>scripsi</span> <span class='ocrx_word' id='word_1_283' title='bbox 363 2799 419 2830; x_wconf 84' lang='lat' dir='ltr'><em>ex</em></span> <span class='ocrx_word' id='word_1_284' title='bbox 452 2787 525 2832; x_wconf 82' lang='grc' dir='ltr'><em>ΠΙ</em></span> <span class='ocrx_word' id='word_1_285' title='bbox 577 2788 659 2832; x_wconf 79' lang='grc' dir='ltr'><em>καὶ</em></span> <span class='ocrx_word' id='word_1_286' title='bbox 682 2789 729 2833; x_wconf 90' lang='grc' dir='ltr'><strong><em>Β</em></strong></span> <span class='ocrx_word' id='word_1_287' title='bbox 793 2787 845 2831; x_wconf 81' lang='grc' dir='ltr'><em>δὲ</em></span> <span class='ocrx_word' id='word_1_288' title='bbox 869 2786 1036 2843; x_wconf 84' lang='lat' dir='ltr'>reliqui</span> <span class='ocrx_word' id='word_1_289' title='bbox 1066 2786 1177 2831; x_wconf 88' lang='lat' dir='ltr'>libri</span> <span class='ocrx_word' id='word_1_290' title='bbox 1201 2787 1292 2831; x_wconf 84' lang='lat' dir='ltr'><em>edd</em></span> <span class='ocrx_word' id='word_1_291' title='bbox 1359 2786 1418 2843; x_wconf 80' lang='grc' dir='ltr'><em>δὴ</em></span> <span class='ocrx_word' id='word_1_292' title='bbox 1442 2786 1599 2832; x_wconf 77' lang='lat' dir='ltr'><strong>Gasda</strong></span> <span class='ocrx_word' id='word_1_293' title='bbox 1712 2792 1766 2830; x_wconf 83' lang='lat'><em>21</em></span> <span class='ocrx_word' id='word_1_294' title='bbox 1790 2789 1855 2846; x_wconf 81' lang='grc' dir='ltr'><em>τῷ</em></span> 
     </span>
     <span class='ocr_line' id='line_1_33' title="bbox 173 2831 1854 2892; baseline 0 -2"><span class='ocrx_word' id='word_1_295' title='bbox 173 2845 374 2890; x_wconf 70' lang='lat' dir='ltr'><strong>alterum</strong></span> <span class='ocrx_word' id='word_1_296' title='bbox 406 2857 481 2888; x_wconf 92' lang='lat' dir='ltr'><em>om</em></span> <span class='ocrx_word' id='word_1_297' title='bbox 513 2845 674 2892; x_wconf 84' lang='lat' dir='ltr'><strong><em>GAPI</em></strong></span> <span class='ocrx_word' id='word_1_298' title='bbox 697 2847 780 2891; x_wconf 83' lang='lat' dir='ltr'><em>sed</em></span> <span class='ocrx_word' id='word_1_299' title='bbox 820 2846 870 2889; x_wconf 83' lang='lat' dir='ltr'><em>in</em></span> <span class='ocrx_word' id='word_1_300' title='bbox 910 2846 999 2890; x_wconf 86' lang='lat' dir='ltr'><em>hoc</em></span> <span class='ocrx_word' id='word_1_301' title='bbox 1036 2859 1198 2890; x_wconf 76' lang='lat' dir='ltr'>rasura</span> <span class='ocrx_word' id='word_1_302' title='bbox 1230 2846 1426 2889; x_wconf 81' lang='lat' dir='ltr'><strong>duarum</strong></span> <span class='ocrx_word' id='word_1_303' title='bbox 1465 2845 1727 2890; x_wconf 76' lang='lat' dir='ltr'><strong>litterarum</strong></span> <span class='ocrx_word' id='word_1_304' title='bbox 1802 2831 1854 2890; x_wconf 87' lang='grc' dir='ltr'><em>τὸ</em></span> 
     </span>
     <span class='ocr_line' id='line_1_34' title="bbox 178 2904 1626 2960; baseline 0 -10"><span class='ocrx_word' id='word_1_305' title='bbox 178 2905 243 2950; x_wconf 83' lang='lat' dir='ltr'><em>Ga</em></span> <span class='ocrx_word' id='word_1_306' title='bbox 284 2906 291 2960; x_wconf 86' lang='grc' dir='ltr'>Ι</span> <span class='ocrx_word' id='word_1_307' title='bbox 331 2911 422 2948; x_wconf 82' lang='grc' dir='ltr'><em>τῶν</em></span> <span class='ocrx_word' id='word_1_308' title='bbox 454 2916 530 2947; x_wconf 91' lang='lat' dir='ltr'><em>om</em></span> <span class='ocrx_word' id='word_1_309' title='bbox 567 2905 612 2950; x_wconf 91' lang='lat' dir='ltr'><em>U</em></span> <span class='ocrx_word' id='word_1_310' title='bbox 756 2909 811 2950; x_wconf 89' lang='grc'><em>22</em></span> <span class='ocrx_word' id='word_1_311' title='bbox 843 2904 909 2956; x_wconf 82' lang='grc' dir='ltr'><em>εἰς</em></span> <span class='ocrx_word' id='word_1_312' title='bbox 946 2905 1021 2950; x_wconf 89' lang='lat' dir='ltr'><em>UI</em></span> <span class='ocrx_word' id='word_1_313' title='bbox 1164 2909 1218 2949; x_wconf 86' lang='lat'><em>23</em></span> <span class='ocrx_word' id='word_1_314' title='bbox 1250 2907 1531 2960; x_wconf 77' lang='grc' dir='ltr'><em>προσθεῖναι</em></span> <span class='ocrx_word' id='word_1_315' title='bbox 1564 2907 1626 2950; x_wconf 86' lang='grc' dir='ltr'><strong><em>Μ</em></strong></span> 
     </span>
    </p>
   </div>
   <div class='ocr_carea' id='block_1_10' title="bbox 1869 1058 1911 1089">
    <p class='ocr_par' dir='ltr' id='par_1_11' title="bbox 1869 1058 1911 1089">
     <span class='ocr_line' id='line_1_35' title="bbox 1869 1058 1911 1089; baseline -0.024 0"><span class='ocrx_word' id='word_1_316' title='bbox 1869 1058 1911 1089; x_wconf 89' lang='grc'><strong>10</strong></span> 
     </span>
    </p>
   </div>
   <div class='ocr_carea' id='block_1_11' title="bbox 1872 1412 1913 1443">
    <p class='ocr_par' dir='ltr' id='par_1_12' title="bbox 1872 1412 1913 1443">
     <span class='ocr_line' id='line_1_36' title="bbox 1872 1412 1913 1443; baseline -0.024 0"><span class='ocrx_word' id='word_1_317' title='bbox 1872 1412 1913 1443; x_wconf 79' lang='grc'><strong>14</strong></span> 
     </span>
    </p>
   </div>
  </div>
 </body>
</html>
