2090 3162
260 111 366 163 516
810 112 1035 154 LIBANH
1067 111 1289 156 ORATIO
1322 113 1383 155 XI

259 246 349 299 καὶ
389 248 487 315 τὴν
526 248 696 299 νύκτα
748 248 948 314 διπλῆν
988 246 1310 300 ἀνάπαυλαν
1350 248 1378 300 ὁ
1419 248 1651 317 ζέφυρος
1702 249 1934 319 ἀπεργά-

262 338 399 399 ζεται
438 334 773 403 μιγνυμένης
811 342 885 406 τῷ
925 335 1081 407 ὕπνῳ
1120 343 1214 403 τῆς
1255 337 1437 406 αὔρας.

371 424 490 474 227.
542 423 658 475 Οὐκ
706 425 811 492 ἄρα
855 424 1029 492 μάτην
1077 423 1136 476 ἐν
1184 425 1519 491 οἰκοδομίαις
1558 427 1590 494 ἡ
1636 428 1792 488 πόλις
1839 425 1938 494 ἀεί,

260 513 347 564 καὶ
398 513 463 563 τὰ
512 508 614 579 μὲν
666 510 967 581 ε’ρέπτεται,
1019 513 1084 564 τὰ
1124 510 1185 564 δὲ
1222 514 1359 582 πρὸς
1409 514 1577 582 μέσον
1623 516 1823 583 ἄνεισι,
1874 516 1938 567 τὰ

217 622 235 653 5
262 600 309 651 δ’
343 602 463 669 ἄρτι
496 599 756 667 θεμέλιον
789 599 1053 668 δέδεκται,
1085 602 1149 653 τὰ
1182 598 1242 653 δὲ
1269 603 1406 671 πρὸς
1436 610 1598 655 τοῦτο
1632 602 1939 672 ὀρύσσεται,

259 687 348 740 καὶ
381 697 490 741 τῶν
521 691 649 750 τοὺς
680 687 934 751 τέκτονας
974 688 1304 756 ἐπειγόντων
1337 691 1392 742 αἱ
1424 690 1606 759 φωναὶ
1643 699 1939 761 πανταχοῦ,

258 778 347 829 καὶ
386 778 445 829 τὸ
484 777 716 846 πέρυσιν
756 779 834 840 εἰς
871 779 1124 847 λαχάνων
1164 780 1346 848 φορὰν
1385 782 1758 846 σκαπτόμενον
1789 789 1940 848 τῆτες

260 864 495 937 ᾤκισται.
554 871 699 918 ἴσασι
732 867 852 936 γάρ,
893 867 964 928 ὡς
1004 867 1106 919 ὅσα
1136 876 1250 929 τοῖς
1282 869 1513 930 δικαίοις
1543 868 1941 937 ὑπισχνοῦνται

259 957 698 1023 τετελευτηκόσιν
738 956 789 1007 οἱ
829 958 1064 1023 ποιηταί,
1104 963 1272 1008 ταῦτα
1313 960 1476 1021 ζῶσιν
1516 955 1759 1009 ἐνταῦθα
1791 954 1942 1010 ἔστιν

198 1065 240 1097 10
264 1041 421 1112 ἔχειν.

372 1133 494 1184 228.
548 1131 659 1184 Καὶ
712 1133 779 1200 δὴ
831 1142 1135 1201 σκοπῶμεν,
1187 1134 1260 1196 ὡς
1305 1136 1667 1203 τετραπλασία
1705 1141 1799 1201 τῆς
1838 1140 1944 1186 νῦν

263 1222 430 1289 οὔσης
468 1217 538 1288 ἦν
577 1220 646 1273 ἂν
683 1221 716 1289 ἡ
757 1223 928 1289 πόλις,
970 1222 1018 1273 εἰ
1056 1222 1127 1290 μὴ
1167 1220 1350 1291 τρισὶν
1387 1223 1490 1290 ἤδη
1532 1224 1799 1292 πρότερον
1830 1242 1944 1274 και-

263 1312 401 1379 ριόις
441 1308 714 1378 ἐβέβλητο.
790 1311 972 1378 ὥσπερ
1013 1311 1116 1381 γὰρ
1157 1310 1184 1363 ὁ
1224 1318 1323 1363 τοῦ
1364 1314 1595 1364 Πυθίου
1634 1311 1770 1372 νεὼς
1816 1315 1945 1363 πολ-

263 1402 382 1461 λαῖς
437 1395 542 1461 εἶξε
588 1399 775 1467 τύχαις
829 1399 918 1451 καὶ
965 1398 1220 1468 τέταρτος
1264 1399 1292 1452 ὁ
1344 1407 1451 1452 νῦν
1505 1399 1740 1468 ἑστηκώς
1792 1397 1942 1451 ἐστιν

197 1507 238 1540 15
264 1486 350 1539 ἐπὶ
387 1495 502 1549 τοῖς
540 1489 855 1556 ἔμπροσθεν
895 1487 1224 1556 οἰχομένοις,
1272 1488 1446 1551 οὕτως
1484 1489 1614 1556 ἡμῖν
1652 1489 1685 1556 ἡ
1725 1489 1897 1555 πόλις,
1934 1484 1939 1557 l

175 1587 321 1631 R348
354 1576 427 1637 ὡς
465 1572 566 1642 μὲν
604 1574 920 1645 ἀνθρώπων
959 1572 1098 1629 οὖσα
1135 1578 1308 1644 πόλις,
1348 1575 1570 1645 ἐπλήγη,
1609 1577 1682 1639 ὡς
1722 1573 1782 1628 δὲ
1813 1581 1947 1628 θεο-

264 1666 449 1732 φιλής,
502 1662 696 1732 ἀνέστη
748 1664 950 1717 ταύτὸν
988 1665 1076 1716 καὶ
1127 1670 1389 1718 παθοῦσα
1439 1663 1529 1717 καὶ
1567 1667 1839 1733 ποιήσασα
1877 1672 1940 1734 τῇ

263 1760 357 1821 τῆς
389 1751 628 1820 Ἀθηνᾶς
678 1751 845 1823 ἐλαία.
922 1751 1012 1805 καὶ
1065 1755 1167 1822 γάρ
1220 1752 1434 1821 ἐκείνην
1481 1752 1686 1822 ἐπῆλθε
1737 1749 1836 1818 μὲν
1875 1758 1949 1823 τῷ

263 1841 396 1910 πυρὶ
449 1839 673 1911 Ξέρξης,
722 1839 796 1893 ὅτ’
856 1843 1085 1910 ἔφθειρε
1135 1843 1234 1910 τὴν
1265 1839 1581 1910 Ἀθηναίων
1628 1841 1944 1910 ἀκρόπολιν,

204 1951 248 1982 20
274 1928 504 1999 δευτέρᾳ
558 1925 618 1981 δὲ
671 1928 844 1999 ἡμέρᾳ
897 1931 1128 1997 βλαστὸς
1180 1929 1487 1999 ἀνέδραμεν
1536 1931 1613 1992 εἰς
1664 1937 1846 1998 πῆχυν
1890 1927 1950 1981 ἐκ

268 2025 367 2071 τοῦ
399 2016 752 2084 κεκαυμένου.
814 2018 903 2070 καὶ
944 2019 1011 2086 δὴ
1049 2019 1139 2071 καὶ
1171 2019 1268 2086 ἥδε
1307 2019 1417 2085 ἅμα
1454 2038 1512 2070 τε
1549 2018 1817 2086 ὑπεχώρει
1856 2018 1943 2069 καὶ

386 2211 411 2251 9
437 2207 568 2251 Pind.
596 2206 664 2251 Ol.
690 2207 731 2250 Π
756 2211 811 2251 67
826 2222 891 2263 sq.
982 2211 1036 2250 14
1059 2206 1192 2250 Paus.
1220 2207 1260 2250 X
1285 2211 1326 2262 5,
1345 2211 1487 2251 9-13
1575 2210 1628 2251 18
1646 2206 1751 2250 Her.
1771 2206 1875 2249 VHI
1893 2210 1947 2249 55

390 2389 411 2426 1
446 2383 722 2428 ἀνάπαυλαν
747 2384 871 2428 inser
893 2385 928 2427 I
932 2384 948 2408 Ξ
1073 2389 1097 2427 2
1131 2386 1236 2440 post
1268 2382 1571 2440 ἀπεργάζεται
1602 2397 1763 2427 rasura
1789 2383 1948 2426 decem

270 2442 531 2486 litterarum
561 2443 611 2486 in
633 2444 670 2486 I
774 2447 799 2486 5
830 2440 1064 2499 ’ρ’σσεται
1097 2444 1139 2487 U
1247 2447 1272 2486 8
1305 2443 1365 2494 ὡς
1394 2442 1519 2486 inser
1534 2441 1606 2486 Ρ2
1637 2457 1712 2486 om
1736 2442 1837 2485 Mor
1869 2441 1950 2497 qui

1017 2499 1808 2604 -με

280 2618 459 2677 βάλλεις
489 2595 648 2675 καίρια
681 2619 858 2663 cf.A1b.
885 2578 1062 2663 (313,szst
1087 2576 1398 2674 ngwerde
1424 2623 1479 2662 45
1498 2595 1585 2674 sq..
1637 2574 1955 2673 ufipozg'libri

279 2678 370 2721 edd
494 2682 546 2721 13
572 2677 720 2734 ὥσπερ
746 2705 804 2712 -—
829 2683 884 2722 14
906 2679 1066 2736 τύχαις
1094 2679 1202 2735 post
1231 2678 1311 2721 καὶ
1335 2703 1390 2710 -
1415 2676 1673 2734 οἰχομένοις
1697 2677 1831 2722 GAU
1849 2676 1952 2730 edd,

277 2749 363 2793 ego
403 2738 512 2780 ante
549 2737 685 2792 posui
723 2737 751 2780 l.
777 2737 807 2780 1.
849 2751 954 2781 cum
984 2737 1276 2781 IBMMoGa
1297 2736 1414 2779 Plan
1445 2737 1490 2779 P
1526 2737 1607 2792 qui
1643 2738 1800 2780 tamen
1838 2735 1953 2778 haec

277 2796 433 2839 omnia
463 2796 513 2838 in
542 2809 617 2839 ras
641 2795 711 2838 m²
741 2795 934 2854 praebet
1049 2801 1103 2839 14
1127 2797 1206 2840 καὶ
1231 2821 1284 2828 -
1313 2799 1366 2838 15
1398 2793 1656 2852 οἰχομένοις
1686 2795 1763 2838 del
1792 2792 1951 2838 Iacobs

338 2858 390 2897 15
429 2853 654 2909 πρότερον
692 2855 737 2899 Α
777 2854 859 2898 sed.
906 2854 1176 2910 ἔμπροσθεν’
1207 2854 1258 2897 in
1296 2867 1428 2910 marg
1464 2853 1545 2907 m²‚
1581 2854 1645 2898 Oa
1661 2853 1729 2897 Re
1813 2865 1953 2907 supra

279 2913 540 2969 ἔμπροσθεν
577 2927 738 2957 rasura
769 2913 914 2967 vocis,
955 2915 1008 2956 ut
1037 2913 1231 2967 videtur,
1269 2911 1494 2968 πρότερον
1526 2914 1561 2956 Ι
1630 2927 1703 2956 om
1737 2913 1820 2956 Mo
1834 2909 1951 2953 Plan
