2090 3162
218 113 329 163 482
774 112 1000 156 LIBANH
1033 111 1254 155 ORATIO
1287 112 1349 155 XI

220 268 276 300 τε
316 249 406 300 καὶ
446 249 764 316 γυμνικούς,
806 249 857 300 οἱ
897 244 997 314 μὲν
1037 246 1196 310 ἀξίως
1235 257 1345 299 τῶν
1384 249 1561 301 ὄντων
1594 252 1806 317 σφίσιν,
1847 251 1899 302 οἱ

218 333 277 388 δὲ
325 339 580 404 μειζόνως
619 335 652 403 ἢ
691 338 826 389 κατὰ
864 337 930 388 τὰ
977 337 1109 388 ὄντα
1157 339 1365 404 σφίσιν.
1446 337 1564 388 136.
1613 337 1902 407 ἀγώνισμα

219 426 278 477 δὲ
325 424 530 496 ἑκάστῳ
579 433 689 477 τῶν
736 423 797 477 ἐν
845 425 991 495 αὐτῷ
1039 430 1113 496 τῷ
1157 428 1498 493 λειτουργεῖν
1537 424 1649 478 ε’στι
1700 427 1761 478 τὸ
1802 427 1900 478 τὸν

220 510 321 581 μὲν
353 516 669 582 ἔμπροσθεν
698 513 1023 582 ὑπερβῆναι,
1062 519 1136 584 τῷ
1164 509 1226 565 δὲ
1259 511 1502 584 ἑπομένῳ
1534 514 1633 581 τὴν
1665 515 1904 581 ἅμιλλαν

175 624 193 654 5
222 602 540 654 ἀποκλεῖσαι
585 600 676 654 καὶ
723 603 788 653 τὰ
826 602 927 670 μὲν
967 600 1050 654 ἀεὶ
1096 602 1399 668 ποιούμενα
1437 602 1664 655 κάλλιον
1711 601 1903 670 δεῖξαι,

214 699 330 752 τοῖς
385 687 446 742 δὲ
500 691 729 743 εἰωθόσι
782 691 945 742 καινὰ
998 695 1343 757 προσθεῖναι.
1424 690 1544 742 137.
1599 693 1787 757 μόνοις
1838 692 1902 744 δὲ

214 777 336 846 παρ’
379 780 508 847 ἡμῖν
539 782 744 832 πλείων
774 777 887 846 ἔρις
924 775 1064 847 ὑπὲρ
1104 786 1203 831 τοῦ
1245 777 1515 846 λαβέσθαι
1556 783 1902 848 λειτουργίας

215 866 245 934 ἣ
286 865 413 935 παρ’
459 865 662 935 ἑτέροις
699 864 838 936 ὑπὲρ
878 875 978 919 τοῦ
1020 867 1336 937 διαδρᾶναι,
1384 866 1475 919 καὶ
1521 866 1719 920 πολλοὶ
1768 873 1904 920 πολ-

214 956 366 1018 λάκις
428 955 500 1008 δι’
569 955 938 1023 ἀναλωμάτων
999 954 1374 1024 ἐμνήστευσαν
1434 957 1534 1024 τὴν
1596 957 1673 1019 εἰς
1734 964 1902 1010 τοῦτο-

149 1066 189 1097 1ο
213 1045 460 1114 πάροδον
493 1045 742 1112 δαπάνην
774 1045 988 1115 δαπάνῃ
1023 1046 1370 1114 συνείροντες
1394 1045 1484 1097 καὶ
1518 1046 1610 1097 διὰ
1641 1054 1735 1114 τῆς
1765 1063 1899 1115 προ-

212 1132 369 1202 τέρας
408 1134 484 1195 εἰς
522 1134 621 1201 τὴν
662 1133 924 1204 δευτέραν
965 1133 1333 1202 ἐμβαίνοντες,
1374 1133 1440 1186 οὐ
1477 1142 1692 1202 μικροῖς
1725 1134 1902 1186 ὠνού-

124 1235 165 1277 R
184 1239 266 1277 317
299 1241 457 1289 μενοι
488 1223 589 1290 τὴν
612 1232 723 1274 τῶν
746 1224 1008 1290 μειζόνων
1042 1220 1048 1292 Ι
1084 1225 1287 1290 φυγήν,
1320 1221 1457 1274 ἀλλά
1486 1226 1711 1284 πολλοῖς
1743 1240 1902 1290 πορι-

213 1312 427 1377 ζόμενοι
465 1311 526 1363 τὸ
566 1312 732 1363 πλείω
773 1316 1109 1364 καταθεῖναι.
1189 1311 1308 1363 138.
1350 1315 1528 1363 αἴτιον
1568 1307 1628 1363 δὲ
1667 1315 1899 1379 μεγαλο-

215 1401 467 1469 φροσύνη
523 1419 603 1462 τις
657 1397 922 1467 ἔμφυτος,
985 1398 1057 1451 δι’
1117 1400 1188 1468 ἣν
1242 1399 1344 1452 οὐκ
1399 1399 1683 1468 ἀνέχονται
1737 1401 1902 1468 μείζω

149 1511 190 1542 15
217 1491 385 1556 λόγον
422 1487 561 1557 ὑπὲρ
603 1486 802 1558 ἑτέρων
841 1489 918 1550 εἰς
949 1489 1049 1556 τὴν
1082 1486 1293 1541 ἑαυτῶν
1324 1496 1525 1557 φοιτᾶν
1564 1487 1596 1555 ἢ
1636 1487 1762 1557 περὶ
1800 1495 1899 1556 τῆς

212 1575 422 1630 ἑαυτῶν
462 1575 690 1647 ἑτέρωσε
729 1574 1001 1647 φέρεσθαι
1035 1579 1346 1642 νομίζοντες
1378 1576 1765 1645 ἀνεπίφθονον
1795 1578 1900 1645 τὴν

217 1667 424 1719 οἰκείαν
464 1664 524 1717 ἐν
563 1658 645 1727 οἷς
685 1663 893 1728 ἔξεστιν
930 1664 1279 1733 ὑψηλοτάτην
1316 1673 1511 1718 ποιεῖν.

325 1753 444 1807 139.
507 1755 725 1822 Σοφίας
784 1755 978 1806 τοίνυν
1041 1751 1131 1805 καὶ
1192 1761 1286 1821 τῆς
1347 1752 1408 1806 ἐν
1462 1755 1646 1820 λόγοις
1709 1754 1896 1821 ἰσχύος

210 1850 480 1895 τοσοῦτον
518 1842 550 1910 ἡ
591 1843 765 1911 βουλὴ
815 1845 1159 1910 μετείληφεν,
1210 1843 1346 1894 ὥστε
1399 1844 1565 1910 φαίης
1615 1840 1684 1894 ἂν
1723 1842 1901 1910 αὐτὴν

144 1953 189 1985 20
211 1933 380 2000 χορόν
418 1951 542 1983 τινα
593 1925 734 1984 εἶναι
787 1940 1070 1999 σοφιστῶν
1117 1929 1178 1983 ἐν
1216 1939 1333 1992 ταῖς
1384 1930 1573 1999 ἀρχαῖς
1617 1938 1716 1982 τοῦ
1766 1931 1898 1997 βίου

210 2021 311 2088 τὴν
348 2019 544 2089 τέχνην
583 2018 1025 2074 ἐπιδεικνύντων.
1088 2018 1261 2081 οὕτως
1292 2020 1478 2081 αὐτοῖς
1508 2025 1640 2081 νοῦς
1671 2037 1728 2070 τε
1768 2016 1900 2081 ὀξὺς

332 2184 356 2222 2
391 2179 531 2223 Thuc.
557 2180 642 2223 VH
673 2183 741 2233 86,
762 2185 787 2223 2

332 2332 357 2370 2
390 2326 549 2383 σφίσιν
562 2327 706 2370 delet
739 2325 882 2370 Cobeb
904 2326 1072 2370 Mnem.
1097 2325 1140 2370 V
1167 2330 1250 2370 108
1276 2324 1535 2397 (Coll.104)
1567 2326 1729 2368 contra
1758 2339 1894 2368 usum

210 2385 397 2429 Libanii
508 2391 536 2429 4
561 2383 609 2429 δ’
628 2387 664 2429 Ι
769 2390 795 2429 5
827 2383 992 2429 καλλίω
1027 2384 1230 2429 Sintenis
1344 2389 1370 2427 6
1402 2380 1447 2427 δ’
1474 2383 1543 2426 Re
1663 2389 1688 2427 9
1722 2383 1814 2428 ἀνα
1846 2385 1900 2427 et

212 2462 242 2487 α
273 2444 323 2488 in
354 2444 666 2500 ἀναλωμάτων
698 2444 748 2487 in
778 2458 853 2488 ras
888 2443 950 2488 Ο2
1079 2448 1134 2488 10
1165 2443 1378 2517 πάροδον
1410 2442 1573 2498 scripsi
1606 2443 1793 2486 auctore
1823 2442 1893 2486 Re

210 2503 352 2547 Amm
419 2503 688 2559 παράδοξον
719 2503 829 2546 libri
861 2502 951 2546 edd
1018 2519 1085 2546 πα
1089 2501 1294 2586 ρῖαδοχὴν
1320 2501 1522 2545 Sintenis
1645 2506 1698 2544 10
1730 2501 1891 2545 καὶ

215 2568 265 2606 11
302 2560 596 2620 ἐμβαίνοντες
625 2563 750 2606 inser
780 2563 831 2606 in
853 2574 986 2618 marg
1011 2562 1118 2606 Mo²
1239 2565 1294 2604 14
1318 2558 1387 2610 τίς
1410 2560 1573 2605 IBMo
1693 2565 1748 2603 15
1771 2556 1889 2615 παρ’

223 2623 267 2667 U
291 2623 338 2664 et
375 2621 424 2664 in
461 2634 537 2664 ras
570 2621 676 2679 1³⁴¹
672 2622 677 2640 ¹
714 2620 845 2676 παρὰ
885 2621 1083 2676 UP(sed
1120 2621 1169 2664 in
1206 2620 1295 2663 hoc
1331 2619 1467 2662 ambo
1500 2636 1530 2662 α
1560 2619 1610 2662 111
1639 2633 1715 2663 ras
1745 2618 1835 2693 m4)
1863 2619 1898 2661 Ι

213 2680 310 2736 (sed
333 2680 440 2736 περὶ
463 2693 688 2735 suprascr.
713 2680 799 2736 m⁸)
822 2679 924 2723 Mor
947 2681 1018 2735 (γρ
1042 2678 1186 2735 περὶ
1173 2694 1222 2722 111
1244 2680 1394 2735 marg)
1517 2682 1570 2721 18
1593 2679 1700 2733 περὶ
1723 2675 1898 2734 σοφίας-

211 2746 303 2783 τῶν
334 2740 589 2796 βουλευτῶν
619 2738 785 2782 titulus
823 2738 873 2781 in
910 2751 1045 2795 marg
1078 2737 1321 2783 CAIBMo
1359 2740 1364 2793 Ι
1404 2734 1575 2792 σοφίαν
1605 2737 1674 2780 Re
1713 2737 1718 2794 Ι
1755 2742 1836 2793 τῆς
1865 2747 1891 2778 e

211 2805 307 2848 τοῖς
337 2811 438 2841 con·
464 2798 502 2842 G
511 2797 527 2822 ²
594 2805 690 2847 τοῖς
722 2798 806 2841 Mo
926 2800 981 2839 20
1012 2814 1131 2852 ταρα
1162 2814 1237 2848 αις
1275 2795 1458 2851 U1(sed
1488 2794 1537 2838 in
1567 2796 1655 2839 hoc
1689 2794 1759 2838 m2
1790 2807 1891 2837 corr

212 2857 261 2898 in
292 2857 471 2914 ἀρχαῖς)
503 2857 551 2900 et
580 2855 628 2899 in
659 2869 793 2912 marg
819 2814 1225 2908 Mo²15zgvg
1247 2881 1304 2887 --
1328 2858 1428 2908 483,
1449 2858 1470 2896 1
1505 2853 1744 2898 ἄπαυστον
1765 2852 1897 2896 inser

211 2915 259 2957 in
291 2929 424 2972 marg
454 2914 561 2959 M0²
