2090 3162
699 111 924 154 LIBANH
957 109 1177 155 ORATIO
1210 110 1273 154 XI
1717 110 1820 161 511

148 247 233 301 ἐπὶ
275 245 335 300 δὲ
375 256 488 309 τοῖς
529 250 965 315 συναχθόμενον,
1006 244 1095 298 καὶ
1133 244 1259 314 παρ’
1307 244 1533 298 ἐκείνων
1572 253 1665 313 τῆς
1707 247 1825 313 ἰ’σης

148 337 478 398 ἀντιδόσεως
517 344 700 403 τυχεῖν
739 334 828 387 καὶ
867 336 1035 402 μυρία
1073 336 1211 402 πρὸς
1242 335 1456 396 τούτοις
1495 333 1556 386 ἐν
1587 341 1661 406 τῷ
1694 339 1825 402 πλη-

149 426 353 490 σιάζειν
392 424 648 492 ἀλλήλοις
696 422 861 476 ἔστιν.
939 422 1060 474 215.
1113 416 1194 485 οἷς
1243 419 1344 489 μὲν
1391 419 1492 475 οὖν
1533 423 1635 476 οὔκ
1685 425 1826 476 εἰσιν

148 513 376 566 ἑκταδὸν
415 513 558 565 οὕτω
600 513 753 564 στοαὶ
794 521 903 564 τῶν
943 514 1134 564 οἰκιῶν
1173 514 1549 581 προκείμεναι,
1597 514 1827 575 τούτους

149 603 178 655 ὁ
218 602 419 671 χειμὼν
452 603 712 667 διοικίζει,
753 599 843 653 καὶ
884 603 1027 672 λόγῳ
1065 601 1167 669 μὲν
1204 604 1338 669 μίαν
1377 603 1644 669 οἰκοῦσιν,
1684 599 1825 673 ἔργῳ
1874 625 1892 656 5

150 688 211 743 δὲ
265 691 614 758 διεστήκασιν
668 689 919 757 ἀλλήλων
973 689 1074 757 οὐχ
1130 685 1295 756 ἧττον
1347 689 1399 757 ἢ
1434 699 1544 742 τῶν
1597 689 1657 742 ἐν
1710 700 1828 753 ταῖς

149 780 337 841 ἄλλαις
367 780 557 830 πόλεσι
589 777 680 830 καὶ
711 778 1095 830 πυνθάνονται
1118 776 1242 846 περὶ
1274 786 1384 830 τῶν
1417 777 1578 846 ἐγγὺς
1611 780 1828 831 οἰκούν-

149 887 276 936 των,
308 868 490 935 ὥσπερ
523 866 971 934 ἀποδημούντων.
1025 864 1116 918 καὶ
1148 868 1252 935 γὰρ
1286 868 1473 938 ὄμβρῳ
1505 866 1595 919 καὶ
1628 866 1827 938 χαλάζῃ

149 955 240 1009 καὶ
280 958 424 1025 χιόνι
463 956 554 1007 καὶ
592 956 901 1023 πνεύμασιν
940 960 1082 1007 οἴκοι
1119 954 1438 1023 κατέχονται
1468 964 1581 1018 τοῖς
1614 957 1828 1024 δεδεμέ-

149 1065 268 1107 νοις
320 1046 733 1113 παραπλησίως,
787 1045 941 1110 μόλις
995 1043 1056 1096 δὲ
1109 1053 1219 1096 τῶν
1277 1045 1503 1097 οἰκετῶν
1557 1046 1610 1097 οἱ
1661 1046 1828 1098 πάλαι
1854 1068 1895 1100 10

149 1138 616 1201 ταλαιπωρεῖσθαι
648 1134 1022 1200 μεμαθηκότες
1059 1134 1138 1194 εἰς
1170 1132 1380 1202 ἀγορὰν
1409 1135 1829 1203 παρακύψαντες

151 1222 527 1289 ἀποπηδῶσιν·
569 1221 706 1273 ὥστε
747 1221 909 1273 ὁπότε
947 1220 1381 1289 ἀπαιθριάσειεν,
1422 1222 1601 1292 ὥσπερ
1642 1222 1700 1275 ἐκ
1730 1243 1828 1291 μα-

149 1318 286 1380 κροῦ
324 1314 467 1362 πλοῦ
508 1308 861 1377 σεσωσμένοι,
899 1310 1323 1378 περιβάλλοντες
1361 1309 1630 1378 ἀλλήλους
1661 1311 1830 1364 ἀσπά-

152 1403 333 1464 ζονται
386 1399 562 1450 πολλὰ
614 1395 715 1467 μὲν
769 1396 1141 1460 ἐκλελοιπότες
1201 1399 1279 1460 εἰς
1340 1398 1611 1467 ἀλλήλους
1663 1395 1742 1452 ὧν
1798 1400 1827 1453 ὁ

152 1490 340 1557 φιλίας
371 1489 540 1554 νόμος
571 1485 738 1554 ἔταξε,
770 1488 1107 1554 μεμφόμενοι
1134 1483 1195 1539 δὲ
1220 1485 1347 1538 ἀνθ’
1379 1485 1590 1540 ἑαυτῶν
1613 1487 1829 1556 (ἐκεῖνα
1854 1510 1895 1543 15

150 1575 247 1645 ὑφ’
293 1571 407 1644 ὧν)
454 1576 803 1628 κεκώλυνται.
881 1575 1002 1627 216.
1053 1574 1178 1645 παρ’
1225 1575 1355 1644 ἡμῖν
1396 1573 1455 1627 δὲ
1507 1576 1607 1645 οὐχ
1658 1577 1831 1640 οὕτως

151 1665 180 1719 ὁ
218 1669 223 1730 Ι
262 1667 402 1727 Ζεὺς
441 1665 568 1717 οὔτε
605 1664 840 1733 χάλαζαν
871 1663 1124 1730 ἐμβάλλει
1156 1665 1396 1733 χαλεπὴν
1428 1665 1553 1717 οὔτε
1585 1667 1741 1734 χιόνα
1772 1678 1813 1720 R
1834 1682 1918 1722 344

153 1754 364 1822 συχνὴν
414 1753 541 1805 οὔτε
591 1754 803 1821 ὄμβρον
849 1753 1045 1819 πολύν,
1097 1750 1169 1804 δι’
1216 1751 1249 1804 ἃ
1287 1760 1382 1820 τῆς
1433 1756 1731 1816 συνουσίας
1769 1755 1830 1807 τὸ

271 1933 297 1970 4
330 1927 385 1971 οὐ
410 1925 554 1984 μόνον
578 1926 807 1984 γράφεται
840 1926 1096 1983 ἐκτάδην,
1127 1925 1241 1970 ἀλλὰ
1265 1927 1344 1970 καὶ
1377 1927 1616 1972 ἐκταδὸν
1641 1928 1833 1979 ἀττικῶς

154 1988 226 2043 (--
251 1985 411 2029 Thom.
438 1987 497 2030 M.
533 2001 566 2029 s.
591 2001 630 2029 v.
665 2001 709 2042 p.
738 1990 836 2039 161,
864 1989 934 2042 12)
966 1985 1035 2029 B²

0 2158 11 2191 ῐ
273 2153 298 2191 3
326 2144 372 2192 '’‘v
405 2149 489 2192 οὐκ
529 2148 646 2193 εἰσὶν
676 2149 725 2191 in
755 2162 831 2191 ras
863 2149 927 2192 P*
1011 2145 1095 2192 οὖν
1126 2148 1251 2192 inser
1282 2148 1340 2191 1²
1488 2154 1515 2191 4
1548 2149 1744 2194 ἐκταδὸν
1775 2175 1832 2181 -

0 2195 8 2219 ’
152 2205 454 2264 προκείμεναι
492 2208 608 2251 citata
638 2207 797 2251 Thom.
831 2207 890 2250 M.
925 2221 958 2249 s.
984 2222 1023 2250 v.
1057 2207 1145 2252 ἐκτ.
1179 2223 1222 2264 p
1252 2212 1349 2260 161,
1378 2212 1430 2250 12
1465 2206 1682 2261 ἐκταδόν,
1715 2208 1775 2258 ὡς
1808 2207 1832 2251 6

0 2247 14 2308 1
154 2266 295 2316 αὐτὸς
336 2267 386 2311 ἐν
415 2270 480 2326 τῷ
517 2268 642 2326 αὐτῷ
677 2265 815 2325 λόγῳ·
857 2266 1054 2311 ἐκταδὸν
1085 2269 1175 2310 κτλ.
1227 2268 1233 2322 1
1281 2266 1474 2318 τούτους
1515 2266 1598 2323 μὲν
1632 2266 1655 2310 6
1691 2269 1775 2311 Mo

156 2330 181 2369 7
215 2325 294 2369 καὶ
326 2351 380 2358 -
414 2330 469 2370 15
510 2313 666 2378 ἔταξεν
706 2326 823 2370 citat
852 2325 968 2368 Plan
1003 2325 1081 2369 fol.
1109 2330 1184 2368 99
1207 2326 1299 2369 etv
1341 2326 1346 2383 Ι
1387 2325 1517 2380 παρὰ
1551 2328 1634 2370 Mo
1658 2325 1775 2369 Plan

155 2388 183 2428 8
214 2381 337 2442 χιόνι
366 2385 446 2428 καὶ
475 2383 649 2444 χαλάζῃ
677 2386 761 2429 Mo
783 2384 901 2428 Plan
1022 2389 1076 2428 12
1110 2390 1221 2439 „aut
1250 2383 1620 2440 ἀπαιθριάσαιεν
1645 2386 1725 2443 leq.
1751 2389 1834 2428 aut

154 2442 552 2498 ἀπαιθριάσειαν“
572 2430 646 2488 Re
768 2447 822 2486 13
846 2446 963 2488 πλοῦ
987 2444 1111 2486 inser
1137 2442 1195 2488 O‘
1313 2449 1365 2486 14
1397 2443 1517 2499 μ’ἑν
1504 2457 1629 2487 mser
1650 2443 1709 2487 1²
1735 2444 1741 2502 1
1769 2444 1836 2496 εἰς

156 2500 378 2557 ἀλλήλους
415 2516 491 2546 om
520 2497 638 2547 Plan
687 2505 694 2559 Ι
744 2502 768 2547 6
809 2499 967 2559 φιλίας
996 2503 1065 2546 Re
1148 2500 1371 2558 ὠφελείας
1408 2501 1519 2546 libri
1555 2502 1672 2546 Plan
1687 2503 1790 2546 Mor
1824 2503 1830 2560 Ι

156 2559 182 2605 6
214 2558 356 2617 νόμος
379 2562 442 2606 Μ
555 2566 611 2606 15
639 2559 757 2606 ἀνθ’
785 2561 961 2606 ἑαυτῶν
985 2561 1086 2605 Mor
1146 2560 1252 2606 ἔνθ’
1280 2561 1457 2606 ἑαυτῶν
1488 2561 1597 2605 libri
1629 2561 1834 2634 exceptis

165 2619 210 2664 U
234 2618 315 2675 qui
353 2633 561 2664 rasuram
594 2626 649 2664 10
680 2620 965 2675 litterarum,
1007 2622 1056 2665 et
1083 2621 1120 2664 Ι
1175 2621 1224 2663 111
1262 2620 1344 2664 τὸν
1375 2621 1542 2693 καιρὸν
1573 2618 1657 2676 ὑφ’
1685 2619 1756 2664 m¹
1784 2619 1836 2664 in

154 2691 232 2722 ras
257 2682 284 2722 8
306 2677 570 2723 lissteramum
593 2682 641 2724 et
664 2676 720 2724 οὗ
743 2679 937 2736 praebet
995 2677 1111 2724 ἀνθ’
1141 2696 1205 2724 ων
1228 2679 1300 2723 vel
1325 2678 1374 2723 ἐν
1397 2672 1433 2737 ᾦ
1457 2679 1633 2723 ἑαυτῶν
1650 2678 1806 2723 Gasda
1825 2679 1830 2738 Ι

157 2737 313 2782 ἐκεῖνα
351 2735 436 2793 ὑφ’
471 2735 536 2783 ὧν
565 2739 741 2783 inserui
778 2738 1111 2795 praeeuntibus
1141 2739 1210 2783 Re
1241 2738 1323 2794 qui
1365 2723 1452 2794 ὑφ’
1486 2734 1551 2782 ὧν
1583 2740 1631 2782 et
1661 2737 1834 2782 Cobeto

154 2795 325 2840 Mnem.
350 2795 393 2839 V
418 2800 500 2841 109
533 2796 664 2854 (0011.
699 2799 801 2855 105)
841 2798 922 2870 qui
952 2796 1011 2841 τὰ
1047 2795 1132 2854 ὑφ’
1169 2795 1233 2842 ὦν
1265 2796 1465 2841 coniecit
1607 2801 1662 2840 16
1693 2797 1835 2842 κεκώ-

156 2857 289 2899 λυται
327 2855 373 2900 U
501 2859 555 2900 18
594 2857 674 2901 καὶ
712 2859 812 2913 (pro
844 2854 909 2900 δι’
938 2854 986 2912 ἃ)
1010 2882 1066 2889 --
1091 2861 1241 2912 512,1
1280 2855 1680 2911 διασπασθήσεται
1719 2856 1836 2900 citat

155 2913 275 2958 Plan
304 2913 383 2958 fol.
410 2917 491 2958 99v
641 2919 696 2959 18
729 2915 784 2960 ὃν
814 2915 883 2959 Re
