2090 3162
1835 0 1866 13 Χ
1878 20 1882 21 ι

716 103 941 146 LIBANII
974 103 1196 147 ORATIO
1229 104 1290 146 XI
1733 106 1836 157 527

159 238 471 309 ἐπιμελείας
512 237 661 309 ἑστιᾷ
699 240 789 291 καὶ
830 239 930 291 οὐκ
970 238 1175 307 ἀποζῆν
1214 239 1434 308 παρέχει
1472 243 1663 309 μόνον,
1704 241 1840 293 ἀλλὰ

157 329 245 380 καὶ
299 326 425 394 μεθ’
483 327 686 395 ἡδονῆς
738 329 1087 397 προστίθησι.
1164 328 1284 379 254.
1342 331 1499 397 γνοίη
1556 328 1606 381 δ’
1652 331 1721 382 ἄν
1759 350 1840 393 τις

160 417 261 468 ὡδὶ
300 417 359 468 τὸ
400 424 493 483 τῆς
532 415 734 485 ἀγορᾶς
765 416 1128 486 ὑπερβάλλον.
1191 417 1251 468 αἱ
1278 419 1481 485 πόλεις,
1521 419 1650 481 ὅσας
1684 423 1841 487 ἴσμεν

160 504 247 557 ἐπὶ
271 504 489 575 πλούτῳ
514 504 747 570 μάλιστα
779 506 1113 573 φρονούσας,
1146 503 1242 557 ἕνα
1267 515 1487 575 στοῖχον
1518 516 1629 559 τῶν
1660 507 1840 560 ὠνίων

160 593 501 660 δεικνύουσι,
556 593 653 645 τὸν
708 602 817 645 τῶν
872 593 1182 660 οἰκημάτων
1227 598 1608 662 προκείμενον,
1663 595 1723 648 ἐν
1778 596 1837 649 δὲ

159 690 274 743 τοῖς
318 679 502 747 μέσοις
549 690 660 733 τῶν
707 683 910 734 κιόνων
958 680 1234 750 ἐργάζεται
1282 682 1486 751 οὐδείς,
1538 683 1663 753 παρ’
1710 684 1840 752 ἡμῖν

160 767 220 822 δὲ
274 770 364 822 καὶ
410 776 580 822 ταῦτα
632 771 971 837 πωλητήρια,
1027 770 1163 822 ὥστε
1211 768 1439 823 ἑκάστου
1486 780 1684 842 μικροῦ
1731 782 1840 826 τῶν

161 859 469 927 οἰκημάτων
509 858 931 927 ἀντιπρόσωπον
971 858 1347 928 ἐργαστήριον,
1387 859 1711 928 ἀντίπυργοι
1752 861 1840 923 ξύ-

161 952 306 1000 λινοι
354 946 445 1000 καὶ
497 947 671 1015 ῥῶπες
722 948 799 1009 εἰς
849 946 1070 1015 σκέπην,
1122 946 1212 1000 καὶ
1251 949 1415 1010 τόπος
1454 946 1636 1010 οὐδεὶς
1681 950 1841 1011 ψιλὸς

158 1038 655 1105 χειροτεχνήματος,
696 1035 832 1088 ἀλλὰ
870 1035 974 1088 κᾶν
1004 1043 1203 1105 μικροῦ
1235 1055 1317 1099 τις
1350 1037 1579 1105 λάβηται
1609 1036 1838 1105 κρασπέ-

161 1127 288 1193 δου,
334 1132 659 1194 παραχρῆμα
705 1132 868 1177 τοῦτο
917 1124 1242 1193 ἀκεστήριον
1279 1127 1313 1193 ἥ
1351 1144 1404 1177 τι
1442 1128 1839 1194 παραπλήσιον,

157 1213 248 1266 καὶ
310 1215 527 1283 ἔχονται
590 1214 657 1281 δὴ
713 1222 823 1265 τῶν
876 1215 1061 1266 τόπων
1118 1206 1238 1266 οἷον
1292 1215 1596 1282 καλωδίων,
1659 1215 1837 1283 ὥσπερ

151 1300 447 1364 Ὀδυσσεὺς
501 1309 600 1354 τοῦ
656 1300 886 1370 ἐρινεοῦ.
973 1301 1095 1354 255.
1153 1303 1369 1370 λαμπρὰ
1423 1302 1484 1355 δὲ
1538 1297 1678 1355 οὖσα
1730 1312 1840 1356 τῶν

1866 1060 1906 1091 10

161 1391 344 1443 ὠνίων
394 1391 426 1458 ἡ
475 1391 779 1458 κατασκευὴ
829 1396 903 1461 τῷ
949 1391 1187 1458 διηνεκεῖ
1233 1388 1403 1443 πλέον
1448 1391 1837 1459 τεθαύμασται,
1864 1415 1905 1445 14

162 1480 296 1532 ὥστε
350 1487 466 1540 τοῖς
519 1477 883 1547 ἀγοράζουσιν
916 1477 922 1547 Ι
959 1478 1012 1541 ἐξ
1069 1477 1310 1531 ἑωθινοῦ
1365 1477 1530 1531 πλέον
1585 1476 1753 1532 οὐδὲν
1780 1492 1926 1536 R359

159 1569 305 1636 παρὰ
345 1569 472 1629 τοὺς
513 1565 741 1637 ἑσπέρας
780 1566 1148 1634 ὠνουμένους,
1188 1566 1304 1619 ἀλλ’
1344 1567 1524 1636 ὥσπερ
1557 1575 1670 1628 τοῖς
1708 1567 1840 1620 ὕδα-

161 1672 267 1724 σιν,
314 1656 476 1724 ἡνίκα
516 1654 585 1707 ἂν
626 1657 851 1724 δεηθῇς,
896 1655 1107 1724 ὁμοίοις
1147 1655 1517 1724 ἐντυγχάνεις,
1565 1654 1706 1708 οὕτω
1746 1663 1839 1724 τῆς

281 1866 302 1903 1
330 1859 470 1903 Thuc.
496 1859 517 1902 Ι
542 1864 584 1914 2,
609 1863 634 1901 2
787 1862 840 1902 13
875 1858 957 1903 Od.
992 1875 1023 1915 μ
1046 1863 1131 1902 432

278 2056 303 2094 9
331 2049 508 2095 Ῥῶπόν
550 2049 671 2101 τινές
714 2065 829 2107 φασι
860 2051 943 2094 τὸν
958 2057 1156 2125 κοῦφον
1188 2049 1379 2123 φόρτον,
1425 2048 1538 2095 ὅθεν
1571 2052 1649 2094 καὶ
1663 2047 1837 2123 ᾆώπια

158 2110 216 2155 τὰ
263 2111 319 2154 οὐ
365 2109 626 2167 στερέμνια,
675 2109 801 2153 ἄλλοι
848 2110 898 2155 δὲ
946 2106 1105 2166 ῥῶπας
1153 2109 1277 2165 φυτά
1323 2126 1428 2154 τινα
1467 2109 1619 2167 ὑλώδη
1659 2108 1688 2166 ἢ
1730 2111 1838 2160 τοὺς

160 2169 376 2242 θάμνους
407 2168 480 2224 (cf.
514 2169 585 2212 Et.
618 2168 678 2212 M.
712 2184 755 2225 p.
785 2173 883 2222 705,
909 2171 983 2226 57)
1015 2168 1083 2212 B²

285 2353 307 2391 1
342 2345 575 2404 εὐγενείας
613 2346 687 2390 UI
713 2346 794 2390 sed
831 2346 879 2389 in
919 2345 1006 2389 hoc
1044 2344 1114 2388 m²
1144 2345 1329 2403 punctis
1368 2345 1754 2418 circumsaeptum
1792 2347 1840 2390 et

193 2405 520 2463 ρὲπιμελείας
565 2404 929 2461 suprascripmm
1088 2409 1114 2447 2
1156 2404 1208 2448 τὸ
1251 2406 1359 2449 ante
1401 2401 1513 2460 μεθ’
1555 2405 1750 2450 ΒΜΜο
1792 2406 1839 2448 et

162 2465 213 2509 in
243 2478 319 2509 ras
350 2463 408 2510 1²
439 2466 487 2508 et
515 2463 584 2508 Re
626 2468 631 2518 Ι
674 2481 702 2521 η
734 2463 784 2507 in
814 2460 1096 2520 προστίθησι
1127 2463 1176 2507 in
1207 2476 1282 2507 ras
1314 2462 1372 2507 1²
1505 2467 1530 2507 3
1563 2463 1647 2509 ὡδὶ
1678 2462 1757 2507 καὶ
1786 2463 1838 2507 τὸ

165 2538 344 2584 ΒΜΟα
371 2543 377 2594 Ι
404 2537 454 2582 αἱ
484 2535 568 2595 μὲν
599 2534 789 2588 πόλειςῗ
817 2540 823 2595 l
853 2551 956 2581 οσαι
982 2537 1068 2582 Mo
1180 2541 1207 2580 4
1238 2535 1430 2593 μάλιστα
1463 2536 1602 2595 ,μέγαζ
1637 2537 1839 2593 φρονού-

163 2627 248 2664 σας
271 2613 302 2656 1
372 2611 637 2668 φρονούσας
666 2610 857 2668 μάλιστα
881 2608 996 2667 μέγα
1028 2610 1070 2655 U
1201 2615 1226 2654 5
1251 2610 1334 2655 τὸν
1357 2612 1542 2665 „malim
1572 2611 1746 2656 abe88e“
1770 2610 1838 2655 Re

221 2675 248 2714 6
281 2669 579 2728 ἐργαστήριον
611 2668 806 2722 οὐδενός
828 2668 1032 2714 Sintenis
1153 2673 1208 2713 10
1239 2668 1295 2713 λά
1326 2686 1354 2726 η
1378 2670 1425 2714 Β
1546 2674 1599 2714 11
1625 2668 1656 2725 ἢ
1677 2669 1740 2728 τι]
1769 2666 1838 2713 ὅτι

163 2731 249 2775 Mo
355 2734 409 2773 12
435 2728 487 2774 δὲ
513 2731 596 2774 Mo
624 2732 630 2785 Ι
658 2726 923 2774 καλλωδίων
938 2727 1115 2774 BMOa
1221 2733 1274 2772 13
1342 2727 1562 2779 ὀδυσσεύς
1576 2728 1839 2774 BMMooa

223 2794 278 2833 14
310 2800 361 2832 ω
378 2787 575 2832 alterum
614 2788 664 2831 in
702 2786 854 2832 ὠνίων
884 2787 935 2831 in
971 2800 1047 2831 ras
1078 2786 1136 2831 1²
1286 2792 1340 2831 15
1372 2787 1511 2832 οὐδὲν
1548 2782 1670 2832 εἶναι
1707 2786 1838 2843 παρὰ

165 2847 360 2894 ΒΜΜο
381 2847 450 2891 Re
572 2851 626 2890 16
658 2863 689 2890 α
719 2846 769 2890 in
801 2845 995 2902 ἑσπέρας
1025 2846 1074 2890 in
1105 2859 1180 2891 ras
1203 2844 1262 2889 1²
1382 2850 1434 2890 17
1467 2845 1492 2891 ὁ
1495 2843 1645 2903 μοίοις
1674 2846 1838 2903 scripsi

161 2920 186 2951 e
219 2907 339 2952 ΜοΙ
362 2906 412 2949 in
443 2919 534 2961 quo
572 2908 731 2951 tamen
771 2921 816 2949 οι
853 2905 903 2949 in
943 2918 1020 2950 ras
1050 2905 1120 2948 m'
1195 2902 1366 2962 ὁμοίως
1399 2904 1570 2961 reliqui
1606 2904 1716 2950 libri
1746 2904 1838 2950 edd
