2090 3162
705 91 928 136 LIBANII
963 91 1185 136 ORATIO
1219 92 1281 135 IX
1727 92 1834 145 395

146 232 454 299 ποιηκότας.
526 229 573 281 8.
613 238 788 297 τιμῶν
826 248 882 280 τε
922 229 954 296 ἡ
995 236 1061 296 γῆ
1102 230 1310 296 πλήρης
1349 230 1633 297 τιμώντων
1674 228 1834 296 ἀλλή-

149 325 282 383 λους
331 319 647 387 ἀνθρώπων
688 318 889 386 δώροις
937 336 994 369 τε
1044 315 1134 368 καὶ
1187 316 1408 384 ξενίοις,
1460 325 1574 380 τοῖς
1623 314 1724 387 μὲν
1774 316 1832 369 ἐκ

146 411 364 462 πόλεων
414 409 492 470 εἰς
539 410 726 468 πόλεις
776 406 1111 475 ἐρχομένοις,
1149 408 1153 474 Ι
1190 415 1302 469 τοῖς
1354 404 1413 459 δὲ
1461 406 1515 469 ἐξ
1557 406 1742 476 ἀγρῶν
1773 419 1920 462 R258

149 498 226 560 εἰς
264 497 486 565 ἀγρούς,
525 505 641 559 τοῖς
681 493 740 548 δὲ
781 494 834 559 ἐξ
875 495 1060 563 ἀγρῶν
1094 497 1170 557 εἰς
1202 496 1353 563 ἄστη,
1394 504 1507 557 τοῖς
1539 492 1639 562 μὲν
1670 500 1831 562 τεθη-

146 584 420 655 ραμένοις,
460 594 576 647 τοῖς
614 585 674 637 δὲ
715 583 1190 653 ἐκτεθραμμένοις.
1251 585 1475 653 πλήρεις
1508 583 1836 651 ὃὲάτραποί

144 694 204 727 τε
243 672 333 727 καὶ
374 675 645 742 λεωφόροι
694 674 956 742 φορτίων,
1003 667 1083 725 ὧν
1129 674 1194 725 τὰ
1240 673 1341 741 μὲν
1389 672 1721 741 ἀνθρώπων,
1767 673 1833 724 τὰ

146 760 207 816 δὲ
247 763 613 831 τετραπόδων,
652 762 864 814 τούτων
904 761 968 814 δέ
1005 782 1065 829 γε
1106 762 1288 814 αὐτῶν
1328 761 1528 830 ἑτέρων
1559 781 1614 814 τε
1647 781 1832 828 τιμιω-

146 851 323 917 τέρων
355 852 482 905 ὁδοί
509 870 566 902 τε
597 849 658 902 ἐν
690 851 841 903 ἄστει
880 851 1202 918 κατάστεγοι
1240 853 1515 903 στενωποί
1541 870 1597 903 τε
1629 853 1830 916 μεστοί.

150 941 197 992 9.
248 940 337 992 καὶ
387 948 502 1002 τοῖς
552 939 653 1007 μὲν
705 944 792 1007 ἴση
845 940 878 1008 ἡ
929 938 1118 1008 τέρψις
1164 941 1364 992 δοῦναί
1399 959 1457 991 τε
1496 937 1585 991 καὶ
1625 940 1831 1006 λαβεῖν,

144 1038 261 1091 τοῖς
310 1027 396 1095 δέ,
448 1030 496 1081 εἰ
541 1028 631 1081 καὶ
675 1029 748 1096 μὴ
795 1030 984 1095 λαβεῖν
1031 1027 1200 1096 ἐνείη,
1252 1030 1312 1080 τό
1364 1047 1426 1096 γε
1478 1029 1675 1080 δοῦναι
1723 1028 1830 1096 ἡδὺ

144 1116 261 1170 κατ’
307 1118 441 1170 αὐτό
493 1136 554 1184 γε
603 1124 767 1169 τοῦτο
819 1117 878 1169 τὸ
932 1118 1248 1185 δυνηθῆναι
1295 1118 1506 1170 δοῦναι.
1584 1125 1732 1170 ποιεῖ
1771 1117 1833 1169 δὲ

143 1207 319 1274 καλὴν
356 1207 457 1274 τὴν
495 1214 602 1275 γῆν
639 1213 714 1278 τῷ
754 1202 856 1272 μὲν
900 1202 993 1274 ἦρι
1031 1207 1099 1258 τὰ
1136 1207 1309 1274 ἄνθη,
1355 1214 1420 1276 τῇ
1468 1203 1529 1258 δὲ
1569 1203 1726 1275 ἑορτῇ
1766 1206 1833 1257 τὰ

145 1296 298 1364 δῶρα
348 1302 595 1363 πανταχῆ
647 1296 997 1363 πανταχόθεν
1049 1296 1214 1347 ἰόντα.
1296 1294 1377 1346 10.
1429 1293 1518 1347 καὶ
1558 1296 1723 1347 τοῦτό
1771 1314 1832 1362 γε

143 1382 303 1446 ἔτους
354 1384 416 1436 τὸ
469 1384 699 1451 ἥδιστον
750 1378 891 1436 εἶναι
947 1382 1125 1451 λέγων
1168 1403 1249 1446 τις
1305 1383 1406 1435 οὐκ
1460 1382 1531 1436 ἂν
1584 1382 1830 1452 ἁμάρτοι,

146 1471 273 1525 ὥστ’
320 1473 368 1524 εἰ
406 1472 584 1524 πάντα
623 1473 720 1525 τὸν
759 1474 964 1542 χρόνον
1004 1475 1100 1540 ζῆν
1136 1472 1384 1541 ὑπῆρχεν
1423 1471 1484 1525 ἐν
1524 1477 1687 1540 ἴσοις,
1729 1472 1830 1524 οὐκ

144 1560 214 1614 ἂν
252 1558 393 1629 ἦσαν
431 1559 493 1614 ἐν
536 1560 751 1633 ὅσῳπερ
801 1568 910 1614 νῦν
948 1563 1092 1632 λόγῳ
1144 1561 1292 1631 παρὰ
1342 1570 1458 1623 τοῖς
1509 1560 1831 1637 ἀνθρώποις

141 1651 199 1703 αἱ
246 1650 506 1719 μακάρων
551 1657 725 1717 νῆσοι.
803 1651 909 1718 ἡδὺ
960 1646 1062 1718 μὲν
1111 1651 1214 1720 γὰρ
1262 1648 1352 1702 καὶ
1390 1650 1422 1718 ἡ
1462 1651 1647 1718 πρώτη
1690 1654 1831 1718 χελι-

144 1739 276 1807 δών,
332 1737 447 1792 ἀλλ’
502 1738 570 1792 οὐ
618 1739 819 1791 κωλύει
865 1747 1076 1807 πονεῖν,
1129 1739 1162 1808 ἡ
1211 1735 1273 1791 δὲ
1319 1737 1467 1802 ἀξιοῖ
1516 1740 1612 1801 τὰς
1664 1738 1832 1806 αὑτῆς

142 1826 344 1898 ἡμέρας
375 1827 562 1896 ὅτιπερ
594 1829 772 1880 πόνου
795 1827 1020 1896 μετέχει,
1050 1835 1163 1881 πᾶν
1185 1835 1349 1881 τοῦτο
1381 1827 1693 1897 ὑποχωρεῖν
1716 1826 1830 1880 ἐπι-

143 1915 328 1986 τρέπει
358 1935 416 1969 τε
446 1924 566 1979 ταῖς
596 1916 841 1983 γνώμαις
870 1921 1145 1987 καθαραῖς
1176 1916 1494 1970 ἀπολαύειν.
1552 1916 1635 1968 11.
1668 1911 1828 1968 αὗται

142 2006 357 2073 φόβους
407 2002 551 2056 νέων
602 2003 822 2072 ἀγέλαις
867 2005 1066 2058 λύουσι
1114 2005 1356 2072 διττούς,
1408 2000 1488 2058 ὧν
1539 2004 1567 2058 ὁ
1618 2002 1720 2073 μὲν
1770 2003 1830 2058 ἐκ

142 2093 507 2159 διδασκάλων,
546 2093 645 2146 τὸν
677 2093 738 2146 δὲ
769 2091 958 2162 ἐπάγει
988 2094 1350 2162 παιδαγωγός.
1412 2089 1572 2147 αὗται
1604 2094 1829 2157 δούλοις

292 2287 319 2327 8
344 2282 402 2326 cf.
426 2282 505 2326 1.1.
534 2287 736 2345 1055,13
834 2288 885 2327 17
913 2282 1044 2327 Ovid.
1071 2283 1100 2327 l.
1119 2283 1148 2327 l.
1177 2287 1259 2327 157
1354 2288 1407 2327 21
1435 2282 1491 2327 cf.
1518 2283 1547 2326 l.
1566 2284 1594 2327 l.
1624 2288 1752 2338 1055,
1771 2289 1823 2328 21

290 2464 315 2504 3
363 2457 410 2506 δ’
452 2461 572 2506 ΡΙΒ
619 2461 709 2506 edd
883 2467 909 2504 4
957 2459 1002 2505 δ’
1047 2462 1138 2506 ΡΒ
1185 2461 1276 2506 edd
1333 2464 1340 2514 Ι
1397 2461 1445 2505 in
1491 2460 1829 2518 τεθηραμένοις

143 2531 384 2576 suprapos.
409 2537 436 2577 y
468 2534 609 2577 supra
638 2523 677 2564 θ
701 2519 758 2564 1²
878 2525 904 2564 6
928 2536 976 2564 τε
1008 2535 1084 2564 om
1107 2521 1142 2564 I
1249 2525 1274 2564 9
1299 2520 1380 2564 καὶ
1412 2518 1637 2565 στενωποί
1658 2536 1707 2564 τε
1734 2520 1795 2566 Μ

140 2595 200 2622 vv
230 2579 280 2622 in
311 2581 481 2623 δοῦναι
510 2579 560 2622 in
590 2592 666 2623 ras
699 2578 770 2624 Ρ2
899 2583 953 2623 12
986 2578 1089 2635 ἥρει
1120 2579 1262 2623 ΒΑΗ
1391 2584 1445 2623 13
1478 2577 1634 2624 ἰόνταῗ
1675 2582 1828 2624 taeter

141 2654 159 2681 ι
189 2630 239 2681 in
269 2650 344 2681 ras
374 2637 516 2694 paulo
548 2639 724 2683 maiore
754 2639 811 2682 N
818 2637 835 2663 ²
979 2642 1034 2682 14
1064 2644 1162 2682 τοῦ·
1181 2638 1311 2689 ἔτους
1340 2638 1409 2683 Re
1450 2641 1457 2695 1
1498 2641 1605 2696 post
1635 2640 1827 2696 ηὸιστον

142 2710 327 2741 erasum
357 2702 491 2741 τοῦτο
522 2695 571 2740 in
599 2698 638 2742 G
755 2700 808 2741 18
841 2697 984 2753 αὑτῆς
1006 2697 1172 2754 scripsi
1240 2698 1383 2754 αὐτῆς
1405 2697 1474 2742 Re
1542 2697 1688 2750 αὐτὰς
1717 2697 1827 2741 libri

138 2754 216 2798 All
371 2759 425 2798 19
465 2758 575 2800 ante
612 2763 709 2801 πᾶν
747 2770 910 2801 rasura
947 2757 1086 2800 unius
1123 2756 1198 2801 vel
1238 2756 1435 2801 duarum
1469 2754 1738 2806 litterarum
1776 2757 1836 2800 in'

139 2845 187 2888 A
322 2848 377 2887 20
409 2860 426 2887 ι
464 2842 515 2887 in
552 2847 790 2899 καθαραῖς
819 2857 1005 2889 erasum
1034 2844 1084 2889 in
1115 2846 1171 2890 N
1303 2850 1357 2889 21
1391 2817 1582 2903 ἀγέλαιῗςεἰ
1611 2846 1675 2889 Μ
1750 2859 1828 2890 om

139 2904 172 2947 1
217 2905 223 2959 Ι
272 2918 333 2947 πο
365 2903 414 2946 in
444 2903 701 2948 ἀπολύουσι
731 2903 781 2947 in
811 2917 887 2947 ras
919 2906 954 2948 Ι
959 2903 977 2929 ²
1566 2912 1570 2919 ’

1881 606 1899 636 5

1857 1050 1898 1082 10

1857 1494 1898 1526 15

1856 1939 1900 1971 30
