2090 3162
714 101 939 146 LIBANII
972 99 1194 144 ORATIO
1228 101 1291 143 IX
1734 100 1838 151 397

163 239 459 308 συνέστησε
518 247 629 291 τῶν
685 239 762 300 εἰς
810 237 1105 305 διαλλαγὰς
1167 236 1415 304 ἀγόντων
1462 243 1623 289 τοῦτο
1672 237 1844 303 μόνον

162 331 455 397 λεγόντων,
494 328 596 395 τὴν
629 325 842 395 ἑορτήν,
882 335 994 378 τῶν
1025 327 1209 378 ἄλλων
1240 327 1398 393 σφίσι
1433 335 1543 377 τῶν
1574 326 1845 393 πρότερον

160 414 747 485 καταπεφρονημένων.

278 504 360 559 15.
407 503 573 573 Μέγα
620 502 680 557 δὲ
728 505 895 572 αὐτῆς
932 504 1023 556 καὶ
1061 503 1209 556 τόδε·
1258 503 1589 564 διδάσκαλος
1628 501 1846 569 ἀνθρώ-

162 614 286 657 ποις
310 596 520 663 γίνεται
544 601 642 646 τοῦ
667 594 739 663 μὴ
766 594 987 662 σφόδρα
1010 590 1236 661 ἔχεσθαι
1267 595 1518 661 χρυσίου,
1550 594 1845 659 προΐεσθαι
1894 612 1912 644 5

162 685 222 736 δὲ
260 681 351 739 καὶ
391 684 469 745 εἰς
507 684 690 735 ἄλλων
722 681 1001 735 ἐντιθέναι
1033 681 1224 744 δεξιάς.
1279 681 1594 733 παιδεύεται
1629 680 1688 732 δὲ
1719 679 1846 732 ταύ-

162 793 263 841 την
313 773 414 840 τὴν
460 773 716 824 παιδείαν
763 769 854 823 ὑπ’
902 770 1067 839 αὐτῆς
1112 771 1201 822 καὶ
1248 771 1506 837 βασιλεὺς
1550 769 1847 821 ὑπακούων

163 858 264 930 μὲν
294 869 388 930 τῆς
419 862 619 923 νυκτὸς
651 859 1012 928 άλεκτρυόσιν
1043 858 1336 927 ἐγείρουσι,
1368 860 1498 920 τοὺς
1527 846 1849 925 θησαυροὺς

163 950 225 1002 δὲ
263 950 409 1021 αὑτῷ
443 959 620 1002 ποιῶν
660 948 917 1011 ἐλάττους
955 957 1073 1014 ταῖς
1112 949 1315 1015 δόσεσι,
1352 955 1415 1016 τῇ
1457 947 1595 1015 χειρὶ
1626 955 1849 1015 κοσμῶν

162 1040 224 1091 τὸ
266 1039 578 1106 διδόμενον,
618 1038 961 1107 αὐτουργῶν,
1002 1034 1117 1089 ἀλλ’
1167 1036 1232 1089 οὐ
1272 1037 1526 1089 κελεύων.
1875 1057 1916 1088 10

279 1127 361 1179 16.
409 1130 477 1179 Τι’
512 1126 594 1191 δέ;
634 1135 748 1189 τοῖς
788 1125 1141 1188 διδασκάλοις
1181 1125 1248 1178 οὐ
1289 1127 1445 1193 φίλης
1486 1124 1717 1192 φιλτάτη
1748 1120 1851 1192 μὲν

169 1211 274 1268 οὖν
303 1216 394 1268 καὶ
428 1216 529 1285 οὐχ
560 1211 726 1284 ἧττόν
758 1234 818 1283 γε
850 1215 883 1283 ἢ
914 1215 974 1267 τὸ
1007 1212 1175 1283 θέρος
1205 1222 1320 1276 τοῖς
1353 1217 1619 1283 σπείρασι.
1673 1221 1850 1282 χρυσᾶ

171 1303 237 1371 γε’
271 1323 356 1356 τοι
395 1307 539 1372 μῆλα
577 1302 800 1372 παρέχει
838 1311 1050 1371 τρυγᾶν
1088 1301 1333 1355 ἐπαινεῖν
1371 1322 1429 1354 τε
1469 1312 1628 1371 σφῶν
1667 1301 1851 1354 αὐτῶν

167 1394 297 1454 τοὺς
336 1393 625 1460 περιττοὺς
662 1392 885 1458 πόνους,
925 1390 998 1453 ὡς
1037 1390 1103 1443 οὐ
1135 1390 1414 1459 τηνάλλως
1449 1389 1852 1458 άνηλωμένους,

167 1481 299 1533 ὅταν
331 1479 416 1549 ἐφ’
456 1480 559 1551 ὅτῳ
592 1478 898 1548 ἐγίγνοντο,
937 1481 1042 1547 ἤδη
1075 1487 1217 1549 παρῇ
1251 1477 1342 1532 καὶ
1380 1480 1600 1546 βάθρον
1632 1478 1850 1547 δέχηται
1877 1499 1917 1531 15

166 1571 264 1622 τὸν
295 1571 518 1639 καρπόν.
577 1569 658 1620 17.
691 1569 885 1621 κοινὸν
915 1569 976 1621 δὲ
1009 1570 1114 1637 ἄρα
1144 1569 1204 1620 τὸ
1236 1575 1331 1635 τῆς
1362 1566 1626 1620 ἐντεῦθεν
1651 1567 1852 1636 εὐφρο-

166 1659 336 1727 σύνης
370 1661 376 1722 Ι
412 1664 487 1729 τῷ
541 1676 599 1709 τε
646 1659 872 1725 λαβόντι
917 1664 991 1730 τῷ
1031 1676 1089 1710 τε
1135 1657 1304 1709 δόντι.
1380 1654 1493 1709 ἔστι
1542 1657 1644 1725 γὰρ
1693 1656 1760 1724 δὴ
1792 1669 1940 1712 R260

170 1745 465 1799 καταθέντι
517 1748 648 1809 τοὺς
700 1748 942 1815 μισθοὺς
996 1746 1351 1814 δικαιοσύνης
1405 1743 1538 1808 δόξα
1592 1743 1680 1797 καὶ
1744 1745 1852 1813 ἅμα

169 1834 542 1905 παρακέκληκε
566 1835 666 1887 τὸν
690 1835 953 1903 εἰληφότα
976 1833 1067 1888 καὶ
1091 1837 1352 1903 πεποίηκε
1383 1836 1652 1912 βελτίονρε.
1709 1833 1851 1886 οὕτω

169 1924 261 1976 καὶ
298 1924 423 1992 περὶ
462 1931 656 1991 κτῆσιν
693 1924 944 1986 παιδείας
981 1924 1080 1991 ἥδε
1119 1922 1189 1976 ἂν
1229 1924 1555 1991 λυσιτελοίη.
1877 1945 1921 1977 20

284 2012 365 2064 18.
406 2013 630 2080 Κόσμος
669 2011 731 2064 δὲ
771 2011 907 2082 αὐτῇ
947 2012 1037 2065 καὶ
1075 2013 1136 2065 τὸ
1177 2020 1288 2064 τῶν
1325 2011 1550 2064 ὑπάτων
1589 2010 1764 2078 ὄνομά
1793 2029 1852 2062 τε

167 2101 258 2153 καὶ
297 2108 475 2170 σχῆμα
523 2099 614 2154 καὶ
666 2103 852 2170 ἔργον·
904 2096 983 2153 ὧν
1021 2103 1152 2162 τοὺς
1200 2100 1301 2169 μὲν
1340 2099 1560 2169 ἀφίησι,
1611 2101 1740 2161 τοὺς
1792 2095 1852 2151 δὲ

290 2310 341 2349 11
376 2305 432 2348 cf.
466 2305 550 2348 1.1.
587 2310 759 2359 1055,6
912 2310 965 2348 21
1000 2304 1056 2348 cf.
1093 2303 1224 2348 ovid.
1257 2304 1287 2349 l.
1312 2303 1341 2347 l.
1369 2309 1421 2347 81

291 2502 316 2540 2
353 2495 581 2554 πρότερον
624 2498 790 2571 scripsi
828 2511 883 2541 ex
924 2497 1211 2542 GAPIVaN
1298 2495 1535 2552 προτέρων
1567 2497 1677 2542 ΒΜ
1705 2496 1796 2540 edd

172 2561 201 2599 4
239 2556 398 2606 αὐτοῖς
428 2556 540 2602 ΒΜ
677 2561 702 2600 5
743 2554 948 2630 γίγνεται
977 2556 1046 2600 Re
1189 2560 1215 2599 9
1248 2556 1372 2600 αὐτῶ
1403 2556 1722 2601 AVaNIBM
1739 2555 1818 2598 All
1845 2556 1851 2615 1

173 2613 356 2660 δόσεσιν
390 2614 470 2660 ΟΛ
621 2620 676 2660 10
719 2613 906 2661 δίκαιον
939 2617 1001 2660 Μ
1149 2619 1200 2659 11
1244 2614 1325 2658 δαὶ
1358 2616 1420 2659 Μ
1458 2616 1506 2658 et
1548 2628 1652 2658 cum
1694 2627 1855 2665 rasura

174 2674 372 2718 duarum
401 2673 663 2718 litterarum
702 2676 782 2731 (τε,
812 2677 867 2718 ut
904 2674 1103 2731 videtur)
1134 2675 1180 2718 A
1332 2677 1387 2716 14
1418 2688 1503 2728 περ
1535 2674 1584 2717 111
1614 2674 1857 2729 περιττοὺς

172 2734 224 2776 in
246 2746 321 2777 ras
338 2732 406 2776 A²
432 2734 439 2788 Ι
465 2732 670 2789 τηνάλως
686 2735 767 2779 AI
874 2738 929 2777 16
961 2732 992 2776 ἄ
995 2733 1072 2791 ρα]
1106 2733 1186 2777 καὶ
1210 2732 1414 2776 Sintenis
1490 2746 1600 2776 num
1625 2731 1717 2789 ἄρα
1739 2733 1819 2776 καὶ
1835 2738 1856 2776 ⁶?

234 2797 288 2835 17
335 2790 516 2838 διδόντι
556 2799 619 2837 τῶ
660 2809 709 2837 τε
747 2795 803 2836 λα
836 2789 935 2836 όντι
975 2792 1088 2836 ΒΜ
1105 2791 1184 2835 All
1233 2792 1239 2850 Ι
1288 2789 1419 2836 δόντι
1461 2791 1626 2848 scripsi
1668 2793 1855 2836 auctore

175 2850 356 2895 Sinteni
416 2849 597 2896 διδόντι
626 2851 735 2896 libri
763 2865 789 2896 e
823 2852 854 2894 d
968 2855 1024 2894 20
1049 2867 1109 2895 αν
1139 2847 1358 2901 παιδείας
1387 2848 1470 2907 ἥδε
1496 2851 1607 2895 ΒΜ
1663 2848 1723 2894 ἂν
1746 2867 1856 2894 παι-

175 2907 304 2961 δείας
333 2907 416 2966 ἥδε
447 2906 508 2954 ἂν
531 2909 608 2954 All
