2090 3162
727 135 952 179 LIBANII
983 134 1206 179 ORATIO
1239 136 1301 179 XI
1742 139 1848 190 417

285 277 388 324 203
429 274 550 340 πρὸς
588 274 703 333 τοὺς
740 274 809 333 εἰς
847 274 938 339 τὴν
976 275 1203 324 παιδείαν
1242 274 1636 337 ἀποσκώψαντας

288 351 392 397 210
431 346 552 412 ὑπὲρ
592 349 864 398 θαλασσίου

284 425 385 470 216
427 421 550 487 πρὸς
587 421 865 488 ἀριστείδην
903 420 1025 488 ὑπὲρ
1063 430 1162 471 τῶν
1202 421 1448 488 ὀρχηστῶν

285 498 387 545 229
429 494 766 560 ἀντιοχικός

284 572 381 618 251
426 568 547 618 κατὰ
585 577 681 619 τῶν
719 570 1144 636 προσεδρευόντων
1183 575 1284 630 τοῖς
1322 568 1567 636 ἄρχουσιν.

281 644 503 692 Secunda
539 661 653 707 pars
693 645 873 693 codicis
913 661 1038 707 quae
1078 646 1325 694 orationes
1356 647 1576 694 continet
1608 639 1714 712 (fol.
1744 648 1845 695 106

170 711 391 784 -254),
431 735 454 765 e
486 718 717 766 Palatino
751 736 819 782 gr.
848 720 950 766 282
985 734 1134 766 manu
1165 720 1314 768 tertia
1354 722 1568 768 correcto
1600 721 1680 769 vel
1720 724 1847 769 certe

167 807 227 839 ex
266 792 434 840 eodem
479 792 613 840 fonte
661 792 813 841 fluxit.
890 793 1183 841 Examinavi
1221 796 1271 841 et
1309 794 1583 842 orationem
1628 793 1696 853 εἰς
1743 794 1848 843 ιὀυ-

166 865 337 915 λιανὸν
374 865 563 914 ὕπατον
601 865 865 930 γενόμενον
905 868 1089 915 contuli
1130 883 1256 915 anno
1301 868 1455 915 1869.

284 941 364 987 17.
405 939 661 987 Urbinas
701 956 779 1003 gr.
817 941 917 987 125
960 957 1082 989 saec.
1114 941 1231 988 XIV
1269 941 1353 989 fol.
1392 943 1472 989 12.
1533 942 1659 990 Vide
1699 957 1847 1005 supra

167 1030 215 1075 p.
252 1015 356 1060 214
375 1029 445 1074 sq.

282 1087 362 1134 18.
412 1085 853 1136 Ottobonianus
901 1105 978 1151 gr.
1021 1090 1088 1136 69
1130 1104 1253 1137 saec.
1285 1088 1403 1136 XVI
1440 1089 1525 1137 fol.
1560 1090 1643 1137 23.
1719 1090 1845 1137 Vide

166 1175 316 1223 supra
354 1177 400 1222 p.
444 1162 548 1208 222
568 1175 638 1222 sq.

280 1237 360 1283 19.
416 1234 749 1282 Vaticanus
802 1252 879 1299 gr.
926 1237 993 1283 82
1050 1251 1170 1284 saec.
1211 1236 1328 1284 XIV
1381 1238 1464 1284 fol.
1507 1237 1626 1287 230.
1720 1237 1844 1284 Vide

164 1324 315 1370 supra
369 1325 415 1370 p.
466 1309 533 1355 48
568 1324 638 1370 sq.
724 1308 929 1356 Initium
984 1311 1222 1358 orationis
1277 1303 1348 1377 (p.
1396 1311 1710 1371 437—441,
1753 1307 1844 1377 12)

165 1382 366 1430 contuli.
1514 1419 1519 1424 .

278 1457 359 1504 20.
410 1455 850 1505 Laurentianus
897 1456 1036 1503 LVII
1074 1459 1143 1505 20
1190 1472 1313 1506 saec.
1345 1458 1437 1504 XV
1478 1459 1562 1506 fol.
1599 1462 1643 1506 1.
1719 1459 1843 1507 Vide

163 1545 313 1591 supra
352 1546 398 1591 p.
434 1531 500 1577 39
522 1545 591 1591 sq.
669 1530 805 1577 Inter
850 1530 1026 1578 folium
1070 1535 1095 1578 1
1141 1531 1270 1593 quod
1309 1531 1511 1580 vocibus
1551 1530 1725 1597 ὥσπερ,
1748 1539 1845 1580 τῶν

162 1596 318 1668 (442,
348 1596 440 1668 11)
487 1603 690 1664 desinit,
740 1606 791 1651 et
830 1605 859 1651 2
902 1605 1032 1666 quod
1070 1605 1270 1653 vocibus
1321 1602 1373 1653 δὲ
1418 1602 1538 1669 ἡμῖν
1577 1599 1724 1672 (447,
1753 1601 1844 1672 19)

161 1678 361 1739 incipit,
406 1693 559 1724 unum
605 1677 779 1725 folium
825 1677 1057 1726 excidisse
1097 1679 1128 1726 1.
1162 1679 1192 1726 l.
1231 1680 1413 1727 monui.
1490 1679 1698 1728 Initium
1736 1696 1844 1728 ora-

162 1752 312 1799 tionis
353 1744 423 1817 (p.
458 1752 766 1811 437-456,
794 1745 886 1818 18)
926 1753 1128 1801 contuli.

276 1827 358 1872 21.
382 1823 827 1874 Laurentianus
850 1826 1038 1874 XXXH
1065 1827 1129 1874 13
1156 1842 1279 1874 saec.
1303 1827 1422 1874 XIV
1444 1827 1527 1875 fol.
1556 1829 1665 1876 42'.
1717 1827 1843 1876 Vide

161 1913 311 1960 Supra
350 1915 396 1960 p.
432 1900 535 1945 227
555 1914 625 1960 sq.

275 1973 358 2019 22.
398 1971 721 2021 Vaticanus
760 1989 840 2036 gr.
867 1974 969 2021 941
1013 1988 1136 2022 saec.
1160 1974 1252 2021 XV
1282 1974 1366 2022 fol.
1394 1976 1477 2023 57.
1536 1974 1662 2022 Vide
1694 1990 1842 2037 supra

161 2062 208 2106 p.
244 2046 347 2094 228
367 2061 437 2108 sq.

271 2119 390 2167 Fuit
442 2123 608 2167 autem
648 2114 942 2184 Ἀντιοχικὸς
995 2123 1146 2169 etiam
1198 2123 1250 2168 in
1304 2122 1583 2169 orationum
1638 2137 1839 2170 numero

161 2207 290 2256 quae
327 2209 417 2256 pro
448 2194 669 2256 exemplo
709 2191 949 2259 ἐγκωμίου
986 2195 1039 2242 in
1077 2195 1316 2259 eclogas
1353 2195 1696 2258 reciperentur.
1763 2195 1840 2243 Ita

162 2266 306 2314 modo
358 2283 469 2314 cum
519 2267 734 2315 Basilice
782 2269 835 2315 in
876 2268 1220 2316 Constantium
1270 2272 1320 2317 et
1360 2268 1678 2317 Constantem
1725 2284 1838 2317 con-

161 2342 344 2402 scripto
383 2340 528 2390 modo
560 2357 671 2389 cum
699 2342 943 2390 monodjis
976 2345 1026 2390 et
1056 2343 1309 2405 epitaphio
1340 2342 1524 2390 Iuliani
1553 2342 1698 2392 modo
1730 2358 1839 2391 cum

162 2414 369 2478 singulis
416 2414 528 2463 aliis
573 2415 878 2464 orationibus
916 2417 996 2464 vel
1042 2432 1151 2464 cum
1198 2417 1381 2480 eclogis
1429 2417 1752 2478 epistularum
1790 2420 1840 2466 et

160 2488 575 2537 declamationum
613 2489 860 2538 codicibus
898 2489 1112 2538 traditus
1152 2493 1238 2539 est.

271 2561 404 2609 Huic
441 2562 639 2624 quidem
677 2563 822 2611 classi
858 2563 1108 2612 tribuendi
1145 2566 1281 2613 sunt:

274 2636 358 2683 23.
396 2634 834 2685 Laurentianus
865 2636 979 2685 LIX
1011 2638 1081 2686 30
1110 2637 1296 2686 formae
1327 2638 1531 2686 octavae
1561 2640 1676 2700 post
1697 2637 1836 2685 varia
1869 2647 1925 2686 65

161 2724 290 2770 quae
334 2709 607 2758 Bandinius
651 2711 916 2771 recensuit,
962 2712 1180 2760 continet
1224 2711 1277 2759 in
1323 2711 1495 2759 charta
1539 2726 1688 2759 manu
1734 2726 1836 2760 sae·

161 2782 261 2831 culi
299 2782 417 2830 XIV
456 2785 681 2832 exaratas
1936 2778 1942 2783 ⁹

270 2856 356 2904 fol.
399 2857 500 2905 151
543 2858 780 2920 epistulas
819 2857 1107 2906 amoebaeas
1145 2857 1323 2907 Basilii
1360 2860 1411 2906 et
1446 2857 1645 2906 Libanii

275 2930 406 2978 157*
444 2930 543 2978 alia
580 2946 731 2979 manu
768 2931 987 2993 aequaliz

206 3046 209 3047 γ
247 3018 446 3053 Lamus
470 3019 528 3053 ed.
549 3019 788 3054 Boot-ter.
822 3021 853 3053 Ι.
871 3029 914 3054 11.
1515 3016 1571 3055 2⁷
