2090 3162
0 2690 13 2830 „„;.—o=⁴uoav·-
2 2631 11 2668 ·-
4 2583 11 2613 -υ
4 2555 10 2563 κ

760 130 984 173 LIBANII
1018 130 1239 174 ORATIO
1272 131 1312 173 X
1771 132 1877 183 403

202 275 405 334 τριχῶν
451 285 507 317 τε
555 275 665 318 τῶν
711 264 799 318 ἐπὶ
847 274 940 334 τῆς
986 270 1224 334 κεφαλῆς
1273 259 1354 328 οἷς
1403 267 1620 335 σφόδρα
1674 269 1877 335 ἔμελεν,

202 353 437 422 εἰ’ργοντ’
477 353 546 406 ἂν
588 356 835 424 ἰσχυραῖς
874 363 990 416 ταῖς
1027 355 1150 422 περὶ
1190 355 1283 416 τὰς
1322 356 1501 423 θύρας
1540 359 1811 423 φυλακαῖς
1845 356 1876 423 ἢ

200 444 273 509 μὰ
312 444 422 495 Δία
460 463 522 510 γε
562 440 692 495 οὐδὲ
730 441 1042 512 προσῄεσαν
1081 444 1299 511 εἰδότες,
1339 444 1412 505 ὡς
1451 445 1566 496 ἔστι
1605 444 1665 495 τὸ
1705 445 1878 496 κωλύ-

202 546 315 583 σον.
394 532 442 582 6.
496 533 813 601 μυστηρίων
866 551 922 584 τε
976 532 1138 600 τιμὴν
1192 526 1301 601 εἶχε
1354 533 1418 583 τὰ
1473 531 1534 585 ἐν
1586 533 1762 603 τούτῳ
1811 539 1885 604 τῷ

203 619 458 692 Πλέθρῳ.
530 621 768 688 τοσαύτη
806 620 907 687 μὲν
947 621 1114 682 αἰδὼς
1153 616 1238 689 ἦν,
1277 621 1348 688 ἣν
1387 620 1655 688 ἀλλήλους
1694 640 1750 673 τε
1788 621 1878 673 καὶ
1924 644 1943 674 5

200 711 329 771 τοὺς
361 709 602 777 ἀθλητὰς
635 710 686 762 οἱ
717 710 983 777 παρόντες
1013 707 1270 778 ᾐδοῦντο,
1302 710 1537 777 τοσαύτη
1572 706 1631 762 δὲ
1662 710 1876 778 ἡσυχία,

198 799 434 866 τοσαύτη
475 795 534 850 δὲ
574 799 769 864 σιωπή·
818 798 908 850 καὶ
954 799 1057 866 γὰρ
1098 803 1152 850 εἴ
1190 818 1242 850 τι
1280 798 1557 864 πάλαισμα
1594 799 1879 867 θαύματος

200 882 269 953 ἧν
308 885 477 955 ἄξιον,
530 894 655 956 σιγῇ
705 894 867 939 τοῦτο
919 885 1268 955 ἐθαυμάζετο.
1344 894 1439 955 τῆς
1487 890 1620 956 βοῆς
1667 887 1727 940 δὲ
1766 889 1876 940 ἔδει

198 977 327 1036 τοὺς
365 974 680 1044 θεωμένους
719 984 939 1045 κρατεῖν
969 983 1066 1028 τοῦ
1101 979 1378 1045 σκήπτρου
1414 975 1420 1046 Ι
1454 975 1786 1045 παρέχοντος
1816 988 1858 1031 R
1880 993 1964 1031 264

198 1065 294 1115 τὸν
334 1066 526 1131 φόβον.
592 1064 638 1115 7.
680 1065 1034 1133 ἰσχυρότερον
1067 1061 1128 1116 δὲ
1165 1065 1255 1116 καὶ
1293 1072 1542 1133 κρεῖττον
1580 1072 1742 1117 τοῦτο
1782 1065 1876 1135 (59⁶-
1901 1086 1942 1118 10

200 1153 329 1214 δίως
382 1151 628 1220 ἐγίγνετο
674 1153 806 1221 <τὸ>
851 1161 963 1205 τῶν
1018 1153 1083 1205 οὐ
1138 1156 1370 1205 πολλῶν.
1448 1153 1513 1206 οὐ
1568 1154 1761 1206 πολλοὶ
1816 1154 1877 1206 δὲ

198 1237 338 1308 ἦσαν
391 1246 466 1311 τῷ
519 1242 591 1310 μὴ
644 1243 786 1294 πολὺ
840 1242 900 1293 τὸ
955 1242 1250 1310 δεχόμενον
1303 1236 1459 1295 εἶναι.
1542 1245 1763 1295 πολλῶν
1817 1242 1878 1295 δὲ

200 1330 367 1382 οὐδὲν
405 1328 580 1382 ἐδεῖτο
620 1328 774 1382 τουτὶ
813 1339 923 1383 τῶν
948 1328 1256 1398 Ὀλυμπίων
1287 1331 1346 1382 τὸ
1386 1330 1563 1400 μέρος,
1604 1324 1645 1403 ᾧ
1679 1333 1878 1398 κόσμος

199 1414 268 1485 ἦν
308 1418 439 1470 αὐτὸ
479 1425 659 1486 τοῦτο,
698 1419 759 1470 τὸ
800 1419 870 1486 μὴ
911 1422 1132 1470 πολλῶν
1171 1415 1326 1471 εἶναι.
1387 1427 1642 1471 τοιοῦτον
1675 1419 1735 1472 δὲ
1774 1420 1878 1489 ἄρα

199 1527 250 1558 τι
304 1507 393 1558 καὶ
442 1507 502 1558 τὸ
557 1516 668 1559 τῶν
721 1511 966 1575 τελετῶν,
1021 1500 1106 1569 αἷς
1159 1507 1260 1559 οὐκ
1314 1506 1383 1559 ἂν
1439 1510 1877 1577 συναχθεσθείης
1901 1529 1942 1561 15

200 1594 482 1647 ἐλάττοσιν
514 1594 636 1647 ἀντὶ
667 1598 940 1648 πλειόνων
972 1594 1166 1659 ἑαυτὰς
1195 1597 1575 1665 παρεχούσαις.
1632 1597 1678 1648 8.
1713 1596 1877 1649 οὐδὲν

199 1685 391 1736 τοίνυν
423 1682 667 1736 ἐνταῦθα
705 1687 890 1752 μεῖζον
928 1683 1161 1737 ἐδύνατο
1200 1692 1300 1737 τοῦ
1332 1686 1524 1754 νόμου,
1563 1692 1662 1738 τοῦ
1702 1687 1877 1754 νόμου

201 1772 261 1824 δὲ
298 1768 368 1840 ἧν
407 1771 624 1825 ἀπεῖναι
662 1773 909 1841 κραυγὴν
945 1771 1036 1825 καὶ
1074 1781 1174 1826 τοῦ
1213 1776 1461 1843 χείρονος
1497 1774 1586 1826 καὶ
1617 1781 1715 1826 τοῦ
1755 1775 1877 1841 βελ-

198 1862 391 1922 τίονος.
452 1860 660 1930 ὑπῆρχε
690 1861 791 1930 μὲν
821 1862 926 1931 γὰρ
959 1860 1214 1931 ἑκάτερον
1253 1860 1474 1931 εἰδέναι,
1513 1863 1648 1931 πρὸς
1688 1862 1748 1915 δὲ
1778 1863 1876 1915 τὸν

199 1949 362 2011 πέλας
412 1950 586 2002 εἰπεῖν
623 1970 675 2002 τι
726 1948 851 2018 ἐξῆν
888 1954 1018 2019 περί
1059 1970 1115 2002 τε
1154 1951 1355 2003 τούτου
1395 1953 1524 2020 περί
1558 1971 1616 2003 τε
1662 1950 1874 2004 ἐκείνου
1899 1972 1942 2004 20

200 2037 496 2090 καὶ-ταῦτα
535 2037 722 2107 ἠρέμα,
761 2039 822 2090 τὸ
863 2037 909 2090 ὁ’
956 2035 1094 2107 ὑπὲρ
1133 2047 1295 2092 τοῦτο
1335 2039 1670 2109 παράνομον.

310 2126 357 2177 9.
416 2127 481 2178 Τί
519 2121 622 2178 οὗν
659 2126 758 2178 τὸν
795 2127 1001 2193 κόσμον
1038 2128 1136 2180 τὸν
1172 2127 1294 2195 περὶ
1334 2134 1515 2195 τοῦτο,
1556 2125 1584 2179 ὃ
1624 2130 1876 2196 πλείστης

200 2215 564 2283 σωφροσύνης
601 2223 825 2283 μετεῖχε,
865 2214 1141 2284 συνέχεεν;
1190 2215 1528 2283 ἀγωνοθετεῖ
1561 2216 1662 2282 μὲν
1689 2214 1875 2285 Ἀργύ-

202 2323 317 2371 ριος
356 2304 488 2371 μετὰ
525 2303 622 2355 τὸν
660 2302 849 2373 ἕτερον
886 2311 1006 2356 τοῖν
1046 2303 1199 2370 ε’μοῖν
1239 2294 1550 2357 θειόιντὸν
1580 2306 1874 2374 πρεσβύτε-

199 2410 315 2457 τον,
354 2390 491 2460 ἀνὴρ
529 2399 595 2461 τῇ
634 2392 734 2460 μὲν
773 2392 907 2462 ἄλλῃ
946 2396 1154 2446 πολλοῦ
1186 2412 1334 2455 τινος
1373 2392 1538 2461 ἄξιος,
1575 2394 1781 2462 ταύτην
1813 2390 1873 2446 δὲ
1897 2414 1939 2446 25

318 2585 372 2622 24
408 2578 668 2638 Πανόλβιον
700 2580 756 2624 cf.
781 2583 814 2624 t.
840 2581 902 2623 III
926 2596 969 2637 p.
999 2585 1095 2634 110,
1115 2585 1139 2624 6
1165 2581 1206 2625 R
1223 2596 1288 2636 sq.
1352 2594 1415 2626 or.
1439 2581 1461 2624 I
1495 2586 1519 2636 ξ
1548 2586 1600 2626 13
1632 2597 1676 2638 p.
1697 2587 1766 2637 88,
1785 2587 1810 2626 3

321 2761 342 2798 1
379 2756 555 2812 ἔμελλεν
586 2757 619 2800 Ι
636 2757 768 2814 Bong
889 2762 913 2800 3
946 2760 1186 2802 κωλῦσονὶ)
1246 2757 1302 2801 cf.
1334 2773 1378 2814 p.
1405 2762 1547 2813 402‚3
1667 2765 1694 2802 4
1726 2758 1814 2802 δεῖ)

207 2821 232 2858 6
263 2816 370 2866 τοὺς
408 2829 482 2858 om
514 2817 547 2859 I
564 2814 696 2872 Bong
846 2822 898 2859 11
931 2816 983 2860 τὸ
1022 2817 1194 2860 inserui
1238 2818 1243 2875 Ι
1284 2817 1459 2874 πολλοὶ]
1492 2818 1608 2861 πολὺ
1638 2816 1815 2873 IBong

205 2879 258 2918 16
292 2873 435 2923 αὑτὰς
465 2874 533 2918 Re
666 2879 718 2918 17
751 2875 999 2919 κάνταῦθα
1031 2876 1134 2919 coni
1166 2876 1233 2919 Re
1365 2880 1418 2919 18
1449 2874 1669 2933 χείρωνος
1690 2877 1724 2919 Ι
1739 2876 1872 2932 Bong

261 2937 315 2975 20
347 2931 389 2976 τί
418 2933 448 2975 Ι
568 2937 623 2975 23
656 2931 840 2991 συνέχεε
865 2934 910 2977 Ρ

1519 3008 1608 3051 26*
