2090 3162
772 111 998 155 LIBANII
1029 112 1249 157 ORATIO
1281 114 1344 157 XI
1783 116 1886 167 441

220 247 562 313 μετείληφεν,
600 246 716 314 ἥτις
756 247 816 299 δὲ
856 247 990 315 αὕτη
1022 250 1264 316 καρποὺς
1295 248 1595 317 ἐκτρέφειν,
1635 250 1723 302 καὶ
1756 250 1892 314 ὅλως

222 332 346 401 περὶ
385 341 477 402 τῆς
524 333 767 387 ἐνταῦθα
818 334 1130 398 πλεονεξίας
1169 337 1494 390 διαλεκτεόν.
1571 338 1748 406 ὥσπερ
1788 340 1889 406 γὰρ

221 421 251 489 ἡ
300 422 447 491 χώρα
491 423 864 492 πρεσβύτερόν
910 444 962 476 τι
1015 433 1125 476 τῶν
1179 424 1555 501 ἐνοικούντων,
1609 426 1751 478 οὕτω
1802 427 1889 479 καὶ

219 510 320 577 τὴν
358 509 495 576 ὑπὲρ
534 511 732 578 ταύτης
771 512 1045 580 εὐφημίαν
1082 511 1351 582 προτέραν
1390 510 1531 566 εἶναι
1571 515 1654 566 δεῖ
1690 522 1784 583 τῆς
1814 516 1891 576 εἰς

218 599 279 651 τὸ
320 597 477 665 γένος
517 597 787 667 ἐσομένης.
1934 625 1952 656 5

333 686 413 738 13.
466 687 575 739 Καὶ
630 687 738 755 ἅμα
790 697 1012 757 πρῶτον
1062 689 1150 741 καὶ
1196 687 1456 757 μέγιστον
1503 690 1641 759 [τῆς]
1687 693 1891 753 πόλεως

219 773 490 842 ἐγκώμιον
529 783 628 843 γῆς
667 775 852 845 ἀρετή,
900 778 1175 846 καθάπερ,
1223 773 1396 844 οἶμαι,
1435 779 1594 844 νεώς,
1634 778 1765 830 ὅταν
1802 776 1882 830 ἐπ’

221 863 453 931 ἰσχυρὰν
499 865 599 931 τὴν
644 866 841 933 τρόπιν
887 866 952 916 τὰ
998 865 1134 917 ἄλλα
1181 858 1214 935 ᾗ
1251 868 1653 934 συμπεπηγότα.
1728 875 1888 919 τοῦτο

220 951 287 1019 δὴ
326 951 430 1021 πρὸ
470 961 581 1004 τῶν
619 953 801 1004 ἄλλων
839 951 1162 1015 ἐξεταστέον.
1237 953 1317 1005 14.
1358 952 1448 1006 καὶ
1487 954 1553 1007 οὐ
1592 954 1791 1007 ταύτόν
1828 974 1889 1022 γε

219 1041 475 1108 πείσομαι
505 1049 622 1103 τοῖς
659 1044 906 1107 πολλοῖς,
947 1044 1003 1094 οἳ
1036 1049 1147 1094 πᾶν
1179 1042 1262 1094 ὅτι
1293 1041 1361 1094 ἂν
1393 1041 1652 1095 ἐπαινῶσι
1684 1045 1884 1111 χωρίον
1908 1065 1950 1096 10

222 1126 391 1196 μέσον
415 1136 508 1196 τῆς
541 1128 548 1197 Ι
583 1128 906 1197 οἰκουμένης
936 1129 1211 1197 βιάζονται
1244 1131 1532 1183 δεικνύειν.
1582 1139 1800 1200 πρῶτον
1830 1143 1871 1186 R
1891 1146 1976 1185 279

217 1215 319 1282 μὲν
358 1217 460 1286 γὰρ
502 1217 550 1269 εἰ
589 1216 694 1288 ὅτῳ
732 1224 895 1270 τοῦτο
933 1216 1179 1286 ὑπάρχει,
1218 1215 1307 1270 καὶ
1346 1219 1406 1270 τὸ
1445 1223 1590 1289 καλῷ
1624 1237 1685 1286 γε
1716 1219 1888 1281 εὐθὺς

135 1314 149 1335 *κ
220 1299 362 1356 εἶναι
416 1305 815 1374 προσυπάρχει,
868 1315 995 1374 μιᾶς
1047 1307 1255 1368 πόλεως
1309 1307 1576 1374 γίγνεται,
1638 1306 1720 1359 ὅτι
1773 1315 1888 1369 ταῖς

216 1393 406 1455 ἄλλαις
438 1393 539 1445 οὐκ
571 1395 721 1446 ἔστιν
746 1387 885 1445 εἶναι
917 1393 1116 1461 μέσαις.
1171 1394 1307 1446 ὥστε
1338 1395 1390 1446 οἱ
1413 1396 1635 1456 πλείους
1658 1397 1887 1462 ληροῦσι

214 1490 324 1533 τῶν
363 1483 556 1549 λόγων.
632 1480 713 1534 15.
754 1483 935 1533 ἔπειτα
974 1482 1022 1534 εἰ
1059 1482 1160 1547 μὲν
1198 1482 1257 1533 τὸ
1296 1482 1546 1550 μεσεύειν
1582 1491 1696 1544 τοῖς
1734 1482 1882 1544 ὅλοις
1905 1502 1947 1535 15

215 1567 404 1622 ἐδίδου
455 1577 690 1639 κρατεῖν,
747 1563 892 1638 εἶχεν
943 1571 1011 1621 ἄν
1060 1589 1183 1622 τινα
1237 1576 1375 1622 νοῦν
1424 1569 1457 1637 ἡ
1511 1570 1724 1637 σπουδὴ
1776 1578 1890 1631 τοῖς

217 1665 387 1710 ταῦτα
442 1661 870 1727 φιλονεικοῦσιν.
951 1658 998 1710 εἰ
1053 1655 1103 1709 δ’
1164 1657 1230 1710 οὐ
1285 1656 1485 1710 ταύτὸν
1539 1659 1616 1720 εἰς
1668 1666 1890 1726 καρπῶν

215 1746 400 1815 φορὰν
454 1748 733 1814 Αἴγυπτός
790 1764 849 1797 τε
907 1745 998 1798 καὶ
1051 1746 1084 1814 ὴ
1147 1744 1318 1814 πέτρα
1370 1749 1634 1814 Δελφῶν,
1693 1748 1751 1798 τί
1805 1746 1889 1798 δεῖ

336 1865 390 1904 18
423 1859 489 1905 Cf.
523 1860 689 1904 Suidas
728 1874 761 1903 s.
793 1875 834 1903 v.
875 1859 922 1904 εἴ
952 1876 1022 1911 τις
1059 1860 1109 1905 ἐν
1140 1860 1351 1919 Αἰγύπτῳ
1390 1867 1516 1904 σῖτον
1554 1860 1654 1918 ἄγει
1693 1862 1740 1903 et
1778 1874 1811 1903 s.
1843 1874 1883 1902 v.

227 1919 410 1976 Δελφὸς
440 1919 558 1976 ἀνὴρ
591 1918 822 1975 στέφανον
852 1919 935 1975 μὲν
966 1918 1073 1977 ἔχει,
1104 1917 1236 1975 δίψει
1266 1916 1311 1962 δ’
1347 1917 1596 1963 ἀπόλλυται
1626 1920 1743 1975 (corr
1772 1916 1888 1963 ἀπό-

337 2028 359 2066 1
394 2022 511 2079 αὐτὴ
534 2022 603 2066 Re
717 2026 743 2065 3
774 2038 819 2066 τι
849 2035 922 2065 om
950 2023 1034 2066 Mo
1111 2021 1204 2065 ἐστι
1226 2020 1388 2065 Iacobs
1411 2020 1517 2065 lect.
1542 2025 1626 2064 339
1731 2025 1757 2063 4
1789 2037 1888 2077 φημ

215 2084 264 2126 et
294 2099 353 2126 αν
383 2081 433 2124 in
466 2079 700 2138 εὐφημίαν
730 2081 781 2124 in
811 2093 886 2124 ras
917 2080 981 2124 P⁸
1122 2085 1147 2124 6
1179 2078 1403 2135 πρότερον
1434 2079 1567 2124 ΒΜο
1692 2083 1719 2122 6
1748 2079 1887 2123 verba

212 2141 292 2184 καὶ
323 2138 535 2197 μέγιστον
561 2167 619 2172 -
643 2144 669 2183 8
695 2137 1023 2196 συμπεπηγότα
1056 2138 1172 2183 citass
1194 2138 1310 2182 Plan
1334 2138 1412 2182 fol.
1438 2143 1518 2182 99*
1622 2142 1648 2182 6
1679 2143 1758 2194 τῆς
1781 2151 1887 2182 can-

216 2198 381 2247 cenavi
464 2213 537 2243 om
563 2201 608 2243 P
636 2198 718 2242 sed
748 2198 797 2241 in
828 2198 916 2242 hoc
937 2211 1100 2241 rasura.
1129 2198 1270 2241 trium
1301 2197 1392 2251 litt,
1418 2197 1679 2242 BMMoCa
1702 2198 1749 2240 et
1771 2196 1886 2240 Plan

275 2264 301 2303 6
323 2263 404 2314 τῆς
426 2284 485 2290 -
509 2263 533 2302 7
558 2263 643 2316 γῆς
665 2258 716 2301 in
738 2270 813 2301 ras
840 2262 894 2300 12
918 2256 993 2301 vel
1018 2261 1072 2300 13
1096 2255 1355 2300 litterarum
1379 2255 1438 2299 I'
1540 2258 1567 2298 8
1590 2255 1730 2299 verba
1752 2262 1886 2300 τοῦτο

217 2317 276 2375 δὴ
307 2343 365 2350 -
397 2321 497 2369 442,
522 2322 548 2360 2
589 2316 774 2360 ἐπαινεῖ
806 2332 877 2366 τις
914 2315 1031 2359 citat
1067 2314 1182 2359 Plan
1221 2314 1299 2359 fol.
1342 2319 1426 2358 103
1597 2318 1623 2357 9
1660 2314 1765 2368 περὶ
1809 2319 1889 2369 τῆς

214 2377 366 2444 χώρας
394 2376 560 2420 titulus
592 2375 642 2418 in
672 2388 806 2433 marg
832 2375 871 2419 Ο
932 2374 1012 2418 καὶ
1043 2387 1118 2418 om
1147 2373 1249 2419 Mor
1349 2378 1403 2416 10
1434 2379 1470 2417 ὦ
1499 2372 1548 2415 in
1579 2372 1802 2418 ἐπαινῶσι
1823 2373 1889 2417 1³⁶

213 2449 263 2479 ln
295 2447 372 2478 ras
401 2434 544 2479 fitium
581 2434 663 2479 litt
732 2434 868 2479 ἐπαιν
895 2446 1006 2477 σωσι
1027 2434 1073 2477 Α.
1096 2433 1165 2477 Re
1308 2437 1361 2476 12
1393 2430 1511 2476 οὕτω
1544 2433 1628 2476 Mo
1668 2433 1675 2487 Ι
1716 2447 1741 2475 ο
1773 2430 1888 2475 alte-

214 2508 319 2537 rum
350 2493 400 2537 in
429 2501 565 2538 τοῦτο
596 2493 646 2537 in
676 2506 751 2536 ras
775 2491 849 2537 Ρ*
968 2496 1022 2535 12
1053 2491 1134 2535 καὶ
1162 2517 1214 2524 —
1246 2495 1300 2534 13
1330 2489 1576 2546 προσυπάρ
1607 2505 1647 2534 ει
1675 2490 1799 2534 inser
1820 2489 1888 2534 A'

276 2556 330 2596 13
358 2551 680 2611 προσυπάρχοι
710 2552 755 2596 U
783 2553 790 2608 Ι
825 2548 894 2595 ὅτι
918 2549 1083 2607 scripsi
1157 2550 1236 2594 καὶ
1266 2549 1374 2593 libri
1396 2548 1513 2593 Plan
1537 2562 1563 2593 e
1597 2549 1628 2591 d
1698 2548 1777 2592 καὶ
1798 2547 1886 2606 γὰρ

219 2610 377 2655 Gasda.
504 2615 560 2654 14
590 2609 749 2668 μέσαις
798 2607 1006 2667 μετόχοις
1035 2614 1114 2667 (so.
1145 2615 1227 2653 τοῦ
1256 2610 1419 2658 καλαῖς
1447 2602 1585 2665 εἶναι)
1614 2606 1663 2650 Μ
1679 2606 1889 2651 Schmidt

917 2684 947 2711 α

210 2728 377 2773 Philol.
409 2727 495 2772 XII
525 2732 610 2772 2⁷9
693 2723 814 2772 εἶναι
851 2725 1011 2783 μέσαις
1039 2726 1075 2770 I
1150 2724 1309 2783 μέσαις
1346 2720 1468 2769 εἶναι
1508 2725 1553 2770 U
1593 2725 1601 2780 Ι
1647 2721 1886 2773 πλείστους

212 2788 328 2843 Mor,
367 2803 422 2845 γρ
453 2784 639 2838 πλείους
668 2786 719 2830 in
747 2798 882 2844 marg
1044 2788 1100 2828 15
1137 2784 1372 2841 μεσσεύειν
1401 2782 1532 2828 AGP
1562 2783 1569 2842 Ι
1603 2779 1762 2828 ἐδίδου
1789 2788 1887 2832 τοῖς

213 2845 337 2898 ὅλοις
359 2847 404 2891 Β
526 2850 580 2890 17
613 2847 956 2902 φιλονεικοῦσιν
985 2842 1015 2900 ἡ
1048 2845 1199 2888 σπουδ
1261 2843 1334 2888 UI
1350 2841 1431 2885 sed
1460 2841 1511 2886 in
1540 2840 1628 2886 hoc
1659 2843 1740 2897 φιλ
1762 2840 1887 2884 inser

215 2905 287 2950 m’
422 2907 477 2949 18
507 2903 537 2961 ἡ
568 2905 751 2961 δελφῶν
781 2900 924 2959 πέτρα
956 2902 1158 2947 ΒΜοΟα
1180 2901 1216 2944 P
1236 2913 1296 2944 an
