2090 3162
720 108 944 151 LIBANII
978 107 1201 152 ORATIO
1234 108 1295 151 XI
1733 109 1840 160 529

158 245 223 296 τὰ
270 253 380 296 τῶν
419 249 672 312 πελαγῶν
712 245 843 311 ἡμῖν
890 244 1258 311 σαγηνεύουσι
1305 243 1614 312 θρέμματα,
1662 243 1750 295 καὶ
1784 258 1929 300 R360

160 333 328 398 σωροὶ
368 331 495 399 παρ’
533 332 739 400 ἡμέραν
771 333 945 401 πάσης
986 331 1132 394 ἰδέας
1173 333 1385 400 ἰχθύων
1422 331 1842 401 ἐπεισέρχονται.

160 421 283 472 259.
322 422 493 473 καλὸν
525 418 583 473 δὲ
624 421 912 474 κάνταῦθα
952 422 1012 473 τὸ
1053 421 1189 489 μηδὲ
1227 423 1357 483 τοὺς
1395 423 1672 483 καταδεεῐς
1712 421 1843 473 ἀπο-

159 514 474 562 κεκλεῖσθαι
506 518 599 577 τῆς
623 511 877 577 τοιαύτης
903 510 1131 578 ἐδωδῆς·
1164 512 1464 577 πορίζουσα
1496 512 1599 578 γὰρ
1632 510 1663 578 ἡ
1698 511 1842 579 Τύχη

159 599 224 650 τὰ
262 600 556 666 πρόσφορα
597 597 801 669 ἑκάστω
843 600 1048 651 διεῖλεν
1087 599 1163 661 εἰς
1200 596 1302 667 μὲν
1339 601 1468 661 τοὺς
1516 600 1845 667 εὐδαίμονας
1892 619 1910 651 5

159 687 260 755 τὴν
293 685 397 738 ἀπὸ
431 694 525 754 τῆς
562 687 838 754 θαλάττης
878 688 1078 755 φοράν,
1118 689 1196 749 εἰς
1235 684 1295 739 δὲ
1327 689 1458 750 τοὺς
1498 685 1716 755 ἑτέρους
1746 688 1847 755 τὴν

159 775 265 827 ἀπὸ
300 782 394 843 τῆς
434 777 643 843 λίμνης,
683 777 877 828 κοινὸν
909 775 970 827 δὲ
1008 775 1217 844 ἀμφοῖν
1255 777 1424 828 ἔδωκε
1455 777 1553 829 τὸν
1584 779 1846 844 ποταμόν,

161 864 222 926 ὃς
268 872 383 926 τοῖς
436 864 536 932 μὲν
583 864 839 933 εὐπόροις
892 866 1078 930 βόσκει
1124 865 1184 916 τὸ
1232 864 1414 932 γένος,
1470 864 1499 916 ὃ
1554 866 1701 933 παρὰ
1753 872 1848 932 τῆς

160 952 436 1020 θαλάττης
485 953 561 1014 εἰς
609 952 779 1005 αὐτὸν
826 952 1078 1020 ἀναπλεῖ,
1126 953 1190 1004 τὰ
1231 951 1279 1004 δ’
1326 954 1463 1006 ἄλλα
1502 962 1615 1015 τοῖς
1662 953 1847 1015 ἄλλοις

162 1043 377 1094 ἅπαντα
416 1041 605 1094 πολλά.
1867 1063 1912 1094 10

274 1129 398 1182 260.
447 1133 556 1182 Τοῦ
596 1137 846 1196 ποταμοῦ
888 1127 947 1181 δὲ
987 1128 1076 1181 καὶ
1117 1138 1210 1198 τῆς
1250 1132 1441 1197 λίμνης
1481 1130 1548 1182 οὐ
1579 1137 1849 1183 τοσοῦτον

162 1220 223 1271 τὸ
264 1218 459 1287 κέρδος
497 1219 575 1279 εἰς
605 1218 706 1286 τὴν
736 1219 916 1285 πόλιν,
958 1219 1094 1270 ὅσον
1131 1217 1392 1283 τραπέζας
1430 1226 1673 1285 κοσμεῖν,
1713 1218 1849 1270 ἀλλὰ

165 1305 253 1360 καὶ
296 1307 399 1360 ὅσα
438 1307 670 1359 δίδωσιν
708 1306 740 1374 ἡ
788 1315 880 1374 γῆ,
928 1314 1022 1374 τῆς
1069 1308 1275 1368 πόλεως
1322 1302 1464 1359 εἶναι
1509 1314 1732 1359 ποιοῦσι
1771 1304 1842 1358 δι’

168 1395 447 1458 εὐπετείας
495 1396 596 1464 τὴν
645 1395 881 1463 κομιδὴν
919 1394 1267 1463 ἐργαζόμενοι
1315 1393 1406 1447 καὶ
1457 1395 1524 1447 οὐ
1574 1397 1851 1447 κατακλεί-

167 1504 322 1547 οντες
353 1485 447 1546 τάς
479 1493 590 1536 τῶν
614 1493 839 1551 καρπῶν
864 1482 1079 1551 ἀγωγὰς
1103 1485 1181 1546 εἰς
1203 1484 1516 1550 ὑποζυγίων
1540 1485 1847 1550 στενότητα.
1874 1503 1916 1536 15

166 1573 485 1641 νειμάμενοι
518 1573 623 1640 γὰρ
656 1573 757 1640 τὴν
789 1573 989 1641 χώραν,
1020 1573 1110 1624 καὶ
1143 1572 1172 1625 ὁ
1204 1572 1305 1640 μὲν
1338 1573 1428 1624 διὰ
1459 1574 1671 1624 τούτων
1709 1570 1852 1640 ῥέων

167 1660 200 1716 ἃ
253 1662 354 1730 τὴν
410 1663 609 1730 λίμνην
664 1660 766 1713 οὐκ
821 1663 929 1729 ἔχει
983 1662 1287 1730 σύμμαχον,
1342 1661 1374 1729 ἡ
1422 1657 1481 1713 δὲ
1530 1660 1591 1713 ἐν
1636 1661 1853 1722 τούτοις

167 1748 480 1818 πεπταμένη
520 1757 636 1811 τοῖς
665 1751 854 1811 τόποις
893 1742 978 1812 οἷς
1017 1749 1046 1802 ὁ
1078 1750 1319 1819 ποταμὸς
1359 1750 1425 1802 οὐ
1465 1752 1681 1817 βοηθεῖ,
1721 1768 1852 1801 ναυ-

169 1846 343 1900 τικοῖς
381 1840 657 1905 λιμναίοις
695 1857 751 1890 τε
790 1835 880 1889 καὶ
916 1841 1204 1907 ποταμίοις
1234 1845 1457 1890 κενοῦσι
1489 1839 1619 1900 τοὺς
1649 1836 1854 1906 ἀγροὺς

171 1927 249 1988 εἰς
280 1926 382 1994 τὴν
411 1927 591 1978 πόλιν.
654 1925 777 1977 261.
808 1924 900 1978 καὶ
931 1926 1032 1994 τὴν
1061 1922 1164 1994 μὲν
1195 1927 1419 1995 πρώτην
1448 1925 1853 1994 μεμερισμένως
1875 1947 1919 1979 20

170 2015 422 2083 ἄγουσιν,
453 2011 637 2066 ἔπειτα
668 2012 782 2067 ἀντ’
822 2013 1032 2083 ἀμφοῖν
1064 2014 1092 2067 ὁ
1124 2015 1365 2083 ποταμὸς
1398 2018 1404 2079 Ι
1440 2017 1763 2067 καθίσταται
1793 2026 1836 2070 R
1855 2031 1939 2071 361

170 2103 304 2169 μετὰ
341 2112 452 2155 τῶν
491 2102 710 2155 οἰκείων
748 2103 848 2170 τὴν
887 2103 979 2155 διὰ
1016 2111 1110 2171 τῆς
1150 2105 1341 2171 λίμνης
1380 2104 1603 2171 πομπὴν
1634 2104 1854 2171 δεχόμε-

232 2247 257 2254 Γ
292 2267 317 2305 2
343 2263 474 2317 σοροὶ
504 2262 579 2307 UI
599 2263 605 2319 Ι
641 2259 759 2306 καθ’
794 2260 969 2319 ἡμέραν
1005 2263 1089 2307 Mo
1121 2262 1202 2306 sed
1234 2280 1288 2319 γρ
1320 2260 1595 2319 παρημέραν
1626 2262 1675 2306 in
1707 2276 1854 2319 marg,

176 2322 241 2366 Ca
317 2318 434 2364 καθ’
464 2320 660 2377 ἑκάστην
690 2319 867 2376 ἡμέραν
897 2321 1008 2365 ΒΜ
1139 2327 1164 2364 3
1197 2321 1248 2366 δὲ
1279 2338 1304 2365 τ
1335 2321 1382 2364 in
1415 2322 1529 2378 μηδὲ
1560 2323 1670 2372 τοὺς
1699 2322 1747 2364 in
1779 2334 1855 2365 ras

173 2379 239 2425 Ρ*
290 2384 295 2433 Ι
345 2379 439 2424 ἀπο
483 2380 532 2423 in
574 2380 936 2425 ἀποκεκλεῖσθαι
979 2380 1027 2423 in
1070 2394 1144 2424 ras
1187 2383 1236 2424 et
1276 2398 1304 2424 κ
1347 2380 1545 2425 alterum
1586 2381 1711 2425 inser
1740 2379 1799 2423 1²

174 2439 529 2495 ἀποκεκλῆσθαι
562 2438 629 2483 Ca
762 2444 790 2482 4
820 2444 902 2494 τῆς
939 2453 1014 2483 om
1046 2439 1174 2484 MGa
1223 2441 1228 2496 Ι
1279 2456 1323 2483 οι
1354 2439 1403 2483 in
1440 2440 1656 2496 τοιαύτης
1693 2440 1742 2483 in
1779 2452 1856 2483 ras

175 2497 244 2542 B’
270 2500 277 2552 Ι
304 2497 332 2554 ἡ
369 2498 494 2555 Τύχη
525 2504 601 2542 om
633 2498 719 2543 Mo
847 2502 871 2541 ‘1
897 2497 1060 2555 κοινὴν
1084 2499 1207 2543 ΑΡΙ
1270 2515 1325 2542 κο
1350 2512 1455 2542 eum
1485 2511 1648 2543 rasura
1672 2502 1699 2541 4
1730 2498 1857 2543 libbe·

174 2570 331 2600 rarum
362 2556 406 2601 U
530 2561 557 2600 9
589 2556 760 2601 ταυτὸν
791 2557 838 2603 Β
870 2557 951 2601 sed
981 2573 1007 2600 τ
1037 2556 1086 2600 in
1117 2571 1205 2609 ras,
1240 2557 1307 2602 Ca
1426 2561 1480 2601 12
1512 2557 1579 2609 εἰς
1607 2558 1691 2615 τὴν
1720 2555 1858 2601 πόλιν

175 2615 227 2659 τὸ
259 2613 423 2670 κέρδος
453 2617 485 2659 I
511 2615 611 2672 (sed
643 2629 784 2672 supra
825 2616 892 2666 εἰς
933 2617 981 2660 et
1009 2616 1062 2660 τὸ
1105 2616 1318 2673 singulae
1355 2616 1562 2670 litterae,
1606 2618 1636 2676 β
1665 2617 1714 2660 et
1743 2633 1773 2659 α
1804 2617 1859 2659 ut

176 2673 371 2727 videtur,
403 2676 579 2726 erasae)
604 2675 798 2719 BMMo
822 2675 921 2730 (sed
943 2674 996 2719 τὸ
1019 2677 1113 2733 om)
1139 2677 1204 2720 Ca
1325 2679 1379 2720 17
1405 2674 1436 2719 ἃ
1458 2675 1583 2720 inser
1608 2676 1667 2719 Μ
1678 2675 1696 2700 ⁸
1719 2677 1766 2720 et
1788 2675 1859 2719 Re

237 2746 312 2776 om
333 2731 504 2790 reliqui
523 2732 634 2776 libri
658 2732 760 2778 Mor
864 2738 919 2777 18
942 2732 1180 2791 πεπταμέν
1202 2748 1308 2778 cum
1330 2733 1500 2779 lacuna.
1525 2740 1546 2778 1
1573 2733 1758 2778 litterae
1782 2734 1827 2778 U
1847 2735 1857 2791 Ι

179 2788 248 2843 οἷς
290 2791 374 2849 οὐχ
406 2790 431 2836 ὁ
465 2791 672 2848 ποταμὸς
713 2794 885 2851 βοηθεῖ
905 2794 937 2836 1
964 2793 1046 2836 sed
1085 2793 1141 2838 οὐ
1211 2793 1336 2837 inser
1365 2792 1436 2838 ω’
1466 2795 1515 2838 et
1544 2795 1653 2838 ante
1691 2794 1862 2851 βοηθεῖ

178 2863 341 2895 rasura
372 2855 398 2894 2
429 2850 695 2895 litterarum
826 2855 881 2895 19
913 2849 1124 2903 ἀκατίοις
1236 2853 1398 2907 Anim,
1439 2852 1637 2897 fortasse
1674 2854 1799 2896 recte

179 2915 234 2954 21
260 2906 363 2954 ἀντ’
391 2909 568 2954 inserui
591 2923 617 2954 θ
643 2909 723 2953 M⁸
749 2912 757 2967 Ι
782 2909 940 2961 κοινὸς
970 2910 1149 2968 ἀμφοῖν
1182 2910 1336 2969 ὀχετὸς
1360 2911 1384 2956 ὁ
1408 2912 1614 2968 ποταμὸς
1635 2911 1704 2957 Re
1719 2910 1859 2955 Anim

268 2991 465 3024 Laurus
489 2991 545 3024 ed.
570 2991 808 3025 Fon-ntor.
846 2992 939 3025 1.11.
1536 2990 1591 3029 34
