<?xml version="1.0" encoding="UTF-8"?>
<!DOCTYPE html PUBLIC "-//W3C//DTD XHTML 1.0 Transitional//EN"
    "http://www.w3.org/TR/xhtml1/DTD/xhtml1-transitional.dtd">
<html xmlns="http://www.w3.org/1999/xhtml" xml:lang="en" lang="en">
 <head>
  <title>
</title>
<meta http-equiv="Content-Type" content="text/html;charset=utf-8" />
  <meta name='ocr-system' content='tesseract 3.04.00' />
  <meta name='ocr-capabilities' content='ocr_page ocr_carea ocr_par ocr_line ocrx_word'/>
</head>
<body>
  <div class='ocr_page' id='page_1' title='image "./pt2operarecensu01libauoft_0151.png"; bbox 0 0 2090 3162; ppageno 0'>
   <div class='ocr_carea' id='block_1_1' title="bbox 779 89 1902 147">
    <p class='ocr_par' dir='ltr' id='par_1_1' title="bbox 779 89 1902 147">
     <span class='ocr_line' id='line_1_1' title="bbox 779 89 1902 147; baseline 0.013 -16"><span class='ocrx_word' id='word_1_1' title='bbox 779 89 1002 132; x_wconf 91' lang='lat' dir='ltr'>LIBANII</span> <span class='ocrx_word' id='word_1_2' title='bbox 1036 89 1256 133; x_wconf 89' lang='lat' dir='ltr'><strong>ORATIO</strong></span> <span class='ocrx_word' id='word_1_3' title='bbox 1291 91 1352 134; x_wconf 86' lang='lat' dir='ltr'><em>XI</em></span> <span class='ocrx_word' id='word_1_4' title='bbox 1793 94 1902 147; x_wconf 82' lang='lat'><em>465</em></span> 
     </span>
    </p>
   </div>
   <div class='ocr_carea' id='block_1_2' title="bbox 218 224 1966 2147">
    <p class='ocr_par' dir='ltr' id='par_1_2' title="bbox 218 224 1966 2147">
     <span class='ocr_line' id='line_1_2' title="bbox 220 224 1900 296; baseline 0.002 -19"><span class='ocrx_word' id='word_1_5' title='bbox 220 225 553 294; x_wconf 82' lang='grc' dir='ltr'><em>ἀνελόμενος</em></span> <span class='ocrx_word' id='word_1_6' title='bbox 592 226 656 276; x_wconf 79' lang='grc' dir='ltr'><em>τὰ</em></span> <span class='ocrx_word' id='word_1_7' title='bbox 696 227 862 293; x_wconf 82' lang='grc' dir='ltr'><em>μηρία</em></span> <span class='ocrx_word' id='word_1_8' title='bbox 894 224 1129 291; x_wconf 81' lang='grc' dir='ltr'><em>γέμοντα</em></span> <span class='ocrx_word' id='word_1_9' title='bbox 1160 227 1334 294; x_wconf 87' lang='grc' dir='ltr'><em>πυρὸς</em></span> <span class='ocrx_word' id='word_1_10' title='bbox 1366 225 1615 296; x_wconf 82' lang='grc' dir='ltr'><strong><em>ἀπέφερε.</em></strong></span> <span class='ocrx_word' id='word_1_11' title='bbox 1679 227 1763 280; x_wconf 79' lang='grc'><em>87.</em></span> <span class='ocrx_word' id='word_1_12' title='bbox 1803 237 1900 281; x_wconf 89' lang='grc' dir='ltr'><em>τοῦ</em></span> 
     </span>
     <span class='ocr_line' id='line_1_3' title="bbox 221 310 1902 384; baseline 0.002 -19"><span class='ocrx_word' id='word_1_13' title='bbox 221 314 535 382; x_wconf 77' lang='grc' dir='ltr'><em>συμβάντος</em></span> <span class='ocrx_word' id='word_1_14' title='bbox 567 310 626 365; x_wconf 77' lang='grc' dir='ltr'><em>δὲ</em></span> <span class='ocrx_word' id='word_1_15' title='bbox 657 313 834 366; x_wconf 88' lang='grc' dir='ltr'><em>πάντα</em></span> <span class='ocrx_word' id='word_1_16' title='bbox 867 313 1161 382; x_wconf 82' lang='grc' dir='ltr'><em>ὀφθαλμόν</em></span> <span class='ocrx_word' id='word_1_17' title='bbox 1191 333 1247 367; x_wconf 89' lang='grc' dir='ltr'><em>τε</em></span> <span class='ocrx_word' id='word_1_18' title='bbox 1283 315 1370 367; x_wconf 85' lang='grc' dir='ltr'><em>καὶ</em></span> <span class='ocrx_word' id='word_1_19' title='bbox 1404 316 1628 384; x_wconf 80' lang='grc' dir='ltr'><em>γνώμην</em></span> <span class='ocrx_word' id='word_1_20' title='bbox 1659 314 1902 383; x_wconf 81' lang='grc' dir='ltr'><em>ἐπιστρέ-</em></span> 
     </span>
     <span class='ocr_line' id='line_1_4' title="bbox 220 400 1901 472; baseline 0.002 -18"><span class='ocrx_word' id='word_1_21' title='bbox 220 421 430 470; x_wconf 89' lang='grc' dir='ltr'><em>φοντος</em></span> <span class='ocrx_word' id='word_1_22' title='bbox 490 400 581 454; x_wconf 83' lang='grc' dir='ltr'><em>καὶ</em></span> <span class='ocrx_word' id='word_1_23' title='bbox 640 403 942 470; x_wconf 81' lang='grc' dir='ltr'><em>δηλοῦντος</em></span> <span class='ocrx_word' id='word_1_24' title='bbox 1004 403 1076 464; x_wconf 85' lang='grc' dir='ltr'><em>ὡς</em></span> <span class='ocrx_word' id='word_1_25' title='bbox 1137 403 1236 455; x_wconf 85' lang='grc' dir='ltr'><em>οὐκ</em></span> <span class='ocrx_word' id='word_1_26' title='bbox 1288 405 1420 455; x_wconf 78' lang='grc' dir='ltr'><em>ἄνευ</em></span> <span class='ocrx_word' id='word_1_27' title='bbox 1477 409 1628 456; x_wconf 84' lang='grc' dir='ltr'><em>θεῶν</em></span> <span class='ocrx_word' id='word_1_28' title='bbox 1688 403 1901 472; x_wconf 69' lang='grc' dir='ltr'><em>ἐδρᾶτο,</em></span> 
     </span>
     <span class='ocr_line' id='line_1_5' title="bbox 221 489 1902 562; baseline 0.002 -19"><span class='ocrx_word' id='word_1_29' title='bbox 221 492 325 543; x_wconf 90' lang='grc' dir='ltr'><em>τὸν</em></span> <span class='ocrx_word' id='word_1_30' title='bbox 363 491 491 543; x_wconf 85' lang='grc' dir='ltr'><em>υἱὸν</em></span> <span class='ocrx_word' id='word_1_31' title='bbox 523 489 607 559; x_wconf 85' lang='grc' dir='ltr'><em>ἐφ’</em></span> <span class='ocrx_word' id='word_1_32' title='bbox 648 491 817 543; x_wconf 83' lang='grc' dir='ltr'><em>ἵππον</em></span> <span class='ocrx_word' id='word_1_33' title='bbox 857 490 1196 558; x_wconf 75' lang='grc' dir='ltr'><em>ἀναβιβάσας</em></span> <span class='ocrx_word' id='word_1_34' title='bbox 1235 491 1263 543; x_wconf 90' lang='grc' dir='ltr'>ὁ</span> <span class='ocrx_word' id='word_1_35' title='bbox 1298 491 1571 554; x_wconf 82' lang='grc' dir='ltr'><em>Σέλευκος</em></span> <span class='ocrx_word' id='word_1_36' title='bbox 1603 494 1680 555; x_wconf 82' lang='grc' dir='ltr'><em>εἰς</em></span> <span class='ocrx_word' id='word_1_37' title='bbox 1711 493 1771 545; x_wconf 92' lang='grc' dir='ltr'><em>τὸ</em></span> <span class='ocrx_word' id='word_1_38' title='bbox 1802 495 1902 562; x_wconf 86' lang='grc' dir='ltr'><em>τὴν</em></span> 
     </span>
     <span class='ocr_line' id='line_1_6' title="bbox 218 578 1966 652; baseline 0.002 -21"><span class='ocrx_word' id='word_1_39' title='bbox 218 587 421 647; x_wconf 82' lang='grc' dir='ltr'><em>πτῆσιν</em></span> <span class='ocrx_word' id='word_1_40' title='bbox 469 578 572 631; x_wconf 89' lang='grc' dir='ltr'><em>ἀπὸ</em></span> <span class='ocrx_word' id='word_1_41' title='bbox 628 586 726 647; x_wconf 80' lang='grc' dir='ltr'><em>γῆς</em></span> <span class='ocrx_word' id='word_1_42' title='bbox 780 580 1002 632; x_wconf 77' lang='grc' dir='ltr'><em>διώκειν</em></span> <span class='ocrx_word' id='word_1_43' title='bbox 1055 579 1146 632; x_wconf 83' lang='grc' dir='ltr'><em>καὶ</em></span> <span class='ocrx_word' id='word_1_44' title='bbox 1200 586 1273 652; x_wconf 81' lang='grc' dir='ltr'><em>τῷ</em></span> <span class='ocrx_word' id='word_1_45' title='bbox 1319 585 1523 651; x_wconf 77' lang='grc' dir='ltr'><em>χαλινῷ</em></span> <span class='ocrx_word' id='word_1_46' title='bbox 1578 582 1676 633; x_wconf 91' lang='grc' dir='ltr'><em>τὸν</em></span> <span class='ocrx_word' id='word_1_47' title='bbox 1729 582 1900 635; x_wconf 84' lang='grc' dir='ltr'><em>ἵππον</em></span> <span class='ocrx_word' id='word_1_48' title='bbox 1947 604 1966 634; x_wconf 85' lang='lat'><strong>5</strong></span> 
     </span>
     <span class='ocr_line' id='line_1_7' title="bbox 224 667 1900 736; baseline 0.001 -16"><span class='ocrx_word' id='word_1_49' title='bbox 224 668 447 720; x_wconf 81' lang='grc' dir='ltr'><em>ἰθύνειν</em></span> <span class='ocrx_word' id='word_1_50' title='bbox 471 668 606 736; x_wconf 90' lang='grc' dir='ltr'><em>πρὸς</em></span> <span class='ocrx_word' id='word_1_51' title='bbox 630 668 725 730; x_wconf 83' lang='grc' dir='ltr'><em>τὰς</em></span> <span class='ocrx_word' id='word_1_52' title='bbox 747 667 914 730; x_wconf 88' lang='grc' dir='ltr'><em>ὁδοὺς</em></span> <span class='ocrx_word' id='word_1_53' title='bbox 938 675 1037 720; x_wconf 86' lang='grc' dir='ltr'><em>τοῦ</em></span> <span class='ocrx_word' id='word_1_54' title='bbox 1061 675 1282 736; x_wconf 82' lang='grc' dir='ltr'><em>πτεροῦ,</em></span> <span class='ocrx_word' id='word_1_55' title='bbox 1313 670 1648 735; x_wconf 87' lang='grc' dir='ltr'><em>βουλόμενος</em></span> <span class='ocrx_word' id='word_1_56' title='bbox 1680 669 1900 735; x_wconf 78' lang='grc' dir='ltr'><em>εἰδέναι,</em></span> 
     </span>
     <span class='ocr_line' id='line_1_8' title="bbox 222 755 1901 826; baseline 0.001 -18"><span class='ocrx_word' id='word_1_57' title='bbox 222 759 279 807; x_wconf 86' lang='grc' dir='ltr'><em>τί</em></span> <span class='ocrx_word' id='word_1_58' title='bbox 323 765 437 818; x_wconf 87' lang='grc' dir='ltr'><em>τοῖς</em></span> <span class='ocrx_word' id='word_1_59' title='bbox 487 755 855 825; x_wconf 78' lang='grc' dir='ltr'><em>ἡρπασμένοις</em></span> <span class='ocrx_word' id='word_1_60' title='bbox 894 757 923 809; x_wconf 91' lang='grc' dir='ltr'>ὁ</span> <span class='ocrx_word' id='word_1_61' title='bbox 972 758 1125 825; x_wconf 84' lang='grc' dir='ltr'><em>ὅρνις</em></span> <span class='ocrx_word' id='word_1_62' title='bbox 1172 759 1439 826; x_wconf 85' lang='grc' dir='ltr'><em>χρήσεται.</em></span> <span class='ocrx_word' id='word_1_63' title='bbox 1517 757 1601 809; x_wconf 92' lang='grc'><em>88.</em></span> <span class='ocrx_word' id='word_1_64' title='bbox 1651 757 1679 810; x_wconf 85' lang='grc' dir='ltr'>ὁ</span> <span class='ocrx_word' id='word_1_65' title='bbox 1720 757 1769 810; x_wconf 90' lang='grc' dir='ltr'><em>δ’</em></span> <span class='ocrx_word' id='word_1_66' title='bbox 1816 760 1901 811; x_wconf 80' lang='grc' dir='ltr'><em>ἱπ-</em></span> 
     </span>
     <span class='ocr_line' id='line_1_9' title="bbox 220 843 1901 913; baseline 0.001 -16"><span class='ocrx_word' id='word_1_67' title='bbox 220 845 407 897; x_wconf 90' lang='grc' dir='ltr'><em>πεύων</em></span> <span class='ocrx_word' id='word_1_68' title='bbox 453 863 510 896; x_wconf 92' lang='grc' dir='ltr'><em>τε</em></span> <span class='ocrx_word' id='word_1_69' title='bbox 556 843 646 896; x_wconf 83' lang='grc' dir='ltr'><em>καὶ</em></span> <span class='ocrx_word' id='word_1_70' title='bbox 702 843 1026 912; x_wconf 80' lang='grc' dir='ltr'><em>ἀναβλέπων</em></span> <span class='ocrx_word' id='word_1_71' title='bbox 1072 846 1256 911; x_wconf 75' lang='grc' dir='ltr'><em>ἄγεται</em></span> <span class='ocrx_word' id='word_1_72' title='bbox 1301 845 1438 913; x_wconf 88' lang='grc' dir='ltr'><em>πρὸς</em></span> <span class='ocrx_word' id='word_1_73' title='bbox 1483 846 1583 912; x_wconf 85' lang='grc' dir='ltr'><em>τὴν</em></span> <span class='ocrx_word' id='word_1_74' title='bbox 1622 844 1901 911; x_wconf 82' lang='grc' dir='ltr'><em>Ἠμαθίαν</em></span> 
     </span>
     <span class='ocr_line' id='line_1_10' title="bbox 222 926 1900 1001; baseline 0 -16"><span class='ocrx_word' id='word_1_75' title='bbox 222 933 331 985; x_wconf 87' lang='grc' dir='ltr'><em>ὑπὸ</em></span> <span class='ocrx_word' id='word_1_76' title='bbox 387 941 482 1000; x_wconf 87' lang='grc' dir='ltr'><em>τῆς</em></span> <span class='ocrx_word' id='word_1_77' title='bbox 534 934 792 1000; x_wconf 85' lang='grc' dir='ltr'><em>πτήσεως.</em></span> <span class='ocrx_word' id='word_1_78' title='bbox 870 926 927 985; x_wconf 82' lang='grc' dir='ltr'><em>οἷ</em></span> <span class='ocrx_word' id='word_1_79' title='bbox 978 934 1044 1001; x_wconf 83' lang='grc' dir='ltr'><em>δὴ</em></span> <span class='ocrx_word' id='word_1_80' title='bbox 1098 933 1332 1000; x_wconf 76' lang='grc' dir='ltr'><em>κατάρας</em></span> <span class='ocrx_word' id='word_1_81' title='bbox 1380 933 1408 985; x_wconf 89' lang='grc' dir='ltr'>ὁ</span> <span class='ocrx_word' id='word_1_82' title='bbox 1458 932 1610 995; x_wconf 88' lang='grc' dir='ltr'><em>ἀετὸς</em></span> <span class='ocrx_word' id='word_1_83' title='bbox 1664 932 1749 985; x_wconf 83' lang='grc' dir='ltr'><em>ἐπὶ</em></span> <span class='ocrx_word' id='word_1_84' title='bbox 1804 935 1900 987; x_wconf 91' lang='grc' dir='ltr'><em>τὸν</em></span> 
     </span>
     <span class='ocr_line' id='line_1_11' title="bbox 224 1021 1965 1090; baseline 0.001 -16"><span class='ocrx_word' id='word_1_85' title='bbox 224 1022 414 1090; x_wconf 90' lang='grc' dir='ltr'><em>βωμὸν</em></span> <span class='ocrx_word' id='word_1_86' title='bbox 447 1024 612 1089; x_wconf 75' lang='grc' dir='ltr'><em>ἔθηκε</em></span> <span class='ocrx_word' id='word_1_87' title='bbox 651 1022 748 1074; x_wconf 90' lang='grc' dir='ltr'><em>τὸν</em></span> <span class='ocrx_word' id='word_1_88' title='bbox 779 1029 878 1073; x_wconf 87' lang='grc' dir='ltr'><em>τοῦ</em></span> <span class='ocrx_word' id='word_1_89' title='bbox 911 1024 1204 1074; x_wconf 90' lang='grc' dir='ltr'><em>Βοττιαιόυ</em></span> <span class='ocrx_word' id='word_1_90' title='bbox 1237 1023 1393 1088; x_wconf 78' lang='grc' dir='ltr'><em>Διός,</em></span> <span class='ocrx_word' id='word_1_91' title='bbox 1433 1021 1499 1074; x_wconf 90' lang='grc' dir='ltr'><em>ὃν</em></span> <span class='ocrx_word' id='word_1_92' title='bbox 1539 1022 1899 1089; x_wconf 78' lang='grc' dir='ltr'><em>ἱδρυσάμενος</em></span> <span class='ocrx_word' id='word_1_93' title='bbox 1924 1045 1965 1077; x_wconf 80' lang='grc' dir='ltr'><em>ιο</em></span> 
     </span>
     <span class='ocr_line' id='line_1_12' title="bbox 222 1106 1899 1179; baseline 0.001 -18"><span class='ocrx_word' id='word_1_94' title='bbox 222 1106 293 1176; x_wconf 79' lang='grc' dir='ltr'><em>ἧν</em></span> <span class='ocrx_word' id='word_1_95' title='bbox 326 1108 700 1179; x_wconf 79' lang='grc' dir='ltr'><em>Ἀλέξανδρος,</em></span> <span class='ocrx_word' id='word_1_96' title='bbox 739 1110 900 1178; x_wconf 82' lang='grc' dir='ltr'><em>ἡνίκα</em></span> <span class='ocrx_word' id='word_1_97' title='bbox 939 1110 1109 1163; x_wconf 86' lang='grc' dir='ltr'><em>αὐτὸν</em></span> <span class='ocrx_word' id='word_1_98' title='bbox 1147 1111 1425 1179; x_wconf 83' lang='grc' dir='ltr'><em>εὔφρανεν</em></span> <span class='ocrx_word' id='word_1_99' title='bbox 1455 1111 1487 1178; x_wconf 83' lang='grc' dir='ltr'><em>ἡ</em></span> <span class='ocrx_word' id='word_1_100' title='bbox 1518 1113 1683 1178; x_wconf 85' lang='grc' dir='ltr'><em>πηγή·</em></span> <span class='ocrx_word' id='word_1_101' title='bbox 1723 1109 1899 1163; x_wconf 86' lang='grc' dir='ltr'><em>ἐδόκει</em></span> 
     </span>
     <span class='ocr_line' id='line_1_13' title="bbox 221 1197 1900 1267; baseline 0.001 -18"><span class='ocrx_word' id='word_1_102' title='bbox 221 1216 280 1250; x_wconf 92' lang='grc' dir='ltr'><em>τε</em></span> <span class='ocrx_word' id='word_1_103' title='bbox 335 1198 401 1266; x_wconf 85' lang='grc' dir='ltr'><em>δὴ</em></span> <span class='ocrx_word' id='word_1_104' title='bbox 457 1206 591 1250; x_wconf 84' lang='grc' dir='ltr'><em>πᾶσι</em></span> <span class='ocrx_word' id='word_1_105' title='bbox 641 1198 731 1251; x_wconf 79' lang='grc' dir='ltr'><em>καὶ</em></span> <span class='ocrx_word' id='word_1_106' title='bbox 777 1206 893 1260; x_wconf 89' lang='grc' dir='ltr'><em>τοῖς</em></span> <span class='ocrx_word' id='word_1_107' title='bbox 939 1198 1004 1250; x_wconf 89' lang='grc' dir='ltr'><em>οὐ</em></span> <span class='ocrx_word' id='word_1_108' title='bbox 1054 1199 1256 1260; x_wconf 86' lang='grc' dir='ltr'><em>δεινοῖς</em></span> <span class='ocrx_word' id='word_1_109' title='bbox 1302 1199 1638 1267; x_wconf 79' lang='grc' dir='ltr'><em>συμβάλλειν</em></span> <span class='ocrx_word' id='word_1_110' title='bbox 1683 1197 1712 1250; x_wconf 89' lang='grc' dir='ltr'>ὁ</span> <span class='ocrx_word' id='word_1_111' title='bbox 1762 1201 1900 1260; x_wconf 91' lang='grc' dir='ltr'><em>Ζεὺς</em></span> 
     </span>
     <span class='ocr_line' id='line_1_14' title="bbox 222 1285 1899 1355; baseline 0 -16"><span class='ocrx_word' id='word_1_112' title='bbox 222 1288 566 1354; x_wconf 83' lang='grc' dir='ltr'><em>εἰσηγεῖσθαι</em></span> <span class='ocrx_word' id='word_1_113' title='bbox 591 1289 833 1351; x_wconf 80' lang='grc' dir='ltr'><em>πολίζειν</em></span> <span class='ocrx_word' id='word_1_114' title='bbox 864 1287 961 1339; x_wconf 90' lang='grc' dir='ltr'><em>τὸν</em></span> <span class='ocrx_word' id='word_1_115' title='bbox 992 1296 1186 1355; x_wconf 83' lang='grc' dir='ltr'><em>χῶρον.</em></span> <span class='ocrx_word' id='word_1_116' title='bbox 1248 1287 1338 1339; x_wconf 79' lang='grc' dir='ltr'><em>καὶ</em></span> <span class='ocrx_word' id='word_1_117' title='bbox 1369 1287 1542 1349; x_wconf 82' lang='grc' dir='ltr'><em>οὕτως</em></span> <span class='ocrx_word' id='word_1_118' title='bbox 1573 1287 1606 1355; x_wconf 78' lang='grc' dir='ltr'>ἤ</span> <span class='ocrx_word' id='word_1_119' title='bbox 1645 1305 1702 1339; x_wconf 92' lang='grc' dir='ltr'><em>τε</em></span> <span class='ocrx_word' id='word_1_120' title='bbox 1730 1285 1899 1349; x_wconf 84' lang='grc' dir='ltr'><em>Ἀλεξ-</em></span> 
     </span>
     <span class='ocr_line' id='line_1_15' title="bbox 224 1373 1900 1444; baseline 0 -17"><span class='ocrx_word' id='word_1_121' title='bbox 224 1375 435 1442; x_wconf 89' lang='grc' dir='ltr'><em>άνδρου</em></span> <span class='ocrx_word' id='word_1_122' title='bbox 490 1375 627 1444; x_wconf 89' lang='grc' dir='ltr'><em>πρὸς</em></span> <span class='ocrx_word' id='word_1_123' title='bbox 677 1376 774 1428; x_wconf 89' lang='grc' dir='ltr'><em>τὸν</em></span> <span class='ocrx_word' id='word_1_124' title='bbox 830 1375 1081 1441; x_wconf 82' lang='grc' dir='ltr'><em>οἰκισμὸν</em></span> <span class='ocrx_word' id='word_1_125' title='bbox 1134 1373 1274 1443; x_wconf 89' lang='grc' dir='ltr'><em>ὁρμή</em></span> <span class='ocrx_word' id='word_1_126' title='bbox 1326 1394 1382 1426; x_wconf 93' lang='grc' dir='ltr'><em>τε</em></span> <span class='ocrx_word' id='word_1_127' title='bbox 1435 1373 1524 1426; x_wconf 87' lang='grc' dir='ltr'><em>καὶ</em></span> <span class='ocrx_word' id='word_1_128' title='bbox 1576 1374 1711 1443; x_wconf 87' lang='grc' dir='ltr'><em>ἀρχὴ</em></span> <span class='ocrx_word' id='word_1_129' title='bbox 1763 1376 1900 1443; x_wconf 91' lang='grc' dir='ltr'><em>πρὸς</em></span> 
     </span>
     <span class='ocr_line' id='line_1_16' title="bbox 221 1461 1964 1532; baseline 0.001 -17"><span class='ocrx_word' id='word_1_130' title='bbox 221 1462 377 1525; x_wconf 88' lang='grc' dir='ltr'><em>τέλος</em></span> <span class='ocrx_word' id='word_1_131' title='bbox 425 1461 510 1532; x_wconf 80' lang='grc' dir='ltr'><em>ᾔει</em></span> <span class='ocrx_word' id='word_1_132' title='bbox 560 1464 650 1515; x_wconf 81' lang='grc' dir='ltr'><em>καὶ</em></span> <span class='ocrx_word' id='word_1_133' title='bbox 698 1463 831 1531; x_wconf 82' lang='grc' dir='ltr'><em>ἡμῖν</em></span> <span class='ocrx_word' id='word_1_134' title='bbox 876 1462 904 1515; x_wconf 91' lang='grc' dir='ltr'>ὁ</span> <span class='ocrx_word' id='word_1_135' title='bbox 951 1472 1062 1515; x_wconf 87' lang='grc' dir='ltr'><em>τῶν</em></span> <span class='ocrx_word' id='word_1_136' title='bbox 1111 1468 1263 1515; x_wconf 83' lang='grc' dir='ltr'><em>θεῶν</em></span> <span class='ocrx_word' id='word_1_137' title='bbox 1311 1471 1616 1532; x_wconf 84' lang='grc' dir='ltr'><em>κορυφαῖος</em></span> <span class='ocrx_word' id='word_1_138' title='bbox 1665 1464 1756 1515; x_wconf 85' lang='grc' dir='ltr'><em>διὰ</em></span> <span class='ocrx_word' id='word_1_139' title='bbox 1806 1471 1900 1531; x_wconf 88' lang='grc' dir='ltr'><em>τῆς</em></span> <span class='ocrx_word' id='word_1_140' title='bbox 1924 1485 1964 1517; x_wconf 84' lang='lat'><em>15</em></span> 
     </span>
     <span class='ocr_line' id='line_1_17' title="bbox 220 1548 1899 1619; baseline 0 -16"><span class='ocrx_word' id='word_1_141' title='bbox 220 1553 479 1617; x_wconf 88' lang='grc' dir='ltr'><em>μαντείας</em></span> <span class='ocrx_word' id='word_1_142' title='bbox 526 1551 767 1619; x_wconf 81' lang='grc' dir='ltr'><em>οἰκιστὴς</em></span> <span class='ocrx_word' id='word_1_143' title='bbox 813 1549 1073 1619; x_wconf 84' lang='grc' dir='ltr'><em>ἐγίγνετο.</em></span> <span class='ocrx_word' id='word_1_144' title='bbox 1151 1551 1235 1602; x_wconf 86' lang='grc'><em>89.</em></span> <span class='ocrx_word' id='word_1_145' title='bbox 1289 1548 1532 1603; x_wconf 81' lang='grc' dir='ltr'><em>ἐνταῦθα</em></span> <span class='ocrx_word' id='word_1_146' title='bbox 1586 1551 1654 1619; x_wconf 87' lang='grc' dir='ltr'><em>δὴ</em></span> <span class='ocrx_word' id='word_1_147' title='bbox 1700 1549 1899 1603; x_wconf 89' lang='grc' dir='ltr'><em>Σέλευ-</em></span> 
     </span>
     <span class='ocr_line' id='line_1_18' title="bbox 225 1637 1900 1708; baseline 0.001 -17"><span class='ocrx_word' id='word_1_148' title='bbox 225 1659 321 1701; x_wconf 89' lang='grc' dir='ltr'><em>κος</em></span> <span class='ocrx_word' id='word_1_149' title='bbox 367 1647 551 1693; x_wconf 86' lang='grc' dir='ltr'><em>πᾶσαν</em></span> <span class='ocrx_word' id='word_1_150' title='bbox 588 1639 690 1708; x_wconf 83' lang='grc' dir='ltr'><em>μὲν</em></span> <span class='ocrx_word' id='word_1_151' title='bbox 735 1641 1006 1692; x_wconf 86' lang='grc' dir='ltr'><em>τεκτόνων</em></span> <span class='ocrx_word' id='word_1_152' title='bbox 1045 1641 1320 1707; x_wconf 79' lang='grc' dir='ltr'><em>συνήγαγε</em></span> <span class='ocrx_word' id='word_1_153' title='bbox 1364 1637 1576 1707; x_wconf 76' lang='grc' dir='ltr'><em>τέχνην,</em></span> <span class='ocrx_word' id='word_1_154' title='bbox 1621 1646 1801 1691; x_wconf 89' lang='grc' dir='ltr'><em>πᾶσαν</em></span> <span class='ocrx_word' id='word_1_155' title='bbox 1840 1640 1900 1692; x_wconf 82' lang='grc' dir='ltr'><em>δὲ</em></span> 
     </span>
     <span class='ocr_line' id='line_1_19' title="bbox 222 1724 1897 1798; baseline 0 -19"><span class='ocrx_word' id='word_1_156' title='bbox 222 1728 305 1790; x_wconf 87' lang='grc' dir='ltr'><em>εἰς</em></span> <span class='ocrx_word' id='word_1_157' title='bbox 357 1727 671 1795; x_wconf 87' lang='grc' dir='ltr'><em>ὑπουργίαν</em></span> <span class='ocrx_word' id='word_1_158' title='bbox 724 1737 901 1798; x_wconf 77' lang='grc' dir='ltr'><em>χεῖρα,</em></span> <span class='ocrx_word' id='word_1_159' title='bbox 958 1735 1142 1780; x_wconf 84' lang='grc' dir='ltr'><em>πᾶσαν</em></span> <span class='ocrx_word' id='word_1_160' title='bbox 1195 1724 1256 1780; x_wconf 74' lang='grc' dir='ltr'><em>δὲ</em></span> <span class='ocrx_word' id='word_1_161' title='bbox 1310 1728 1489 1780; x_wconf 78' lang='grc' dir='ltr'><em>λίθων</em></span> <span class='ocrx_word' id='word_1_162' title='bbox 1542 1727 1897 1795; x_wconf 85' lang='grc' dir='ltr'><em>φαιδρότητα·</em></span> 
     </span>
     <span class='ocr_line' id='line_1_20' title="bbox 221 1811 1900 1885; baseline 0 -18"><span class='ocrx_word' id='word_1_163' title='bbox 221 1814 325 1882; x_wconf 80' lang='grc' dir='ltr'><em>ὕλη</em></span> <span class='ocrx_word' id='word_1_164' title='bbox 367 1811 428 1867; x_wconf 74' lang='grc' dir='ltr'><em>δὲ</em></span> <span class='ocrx_word' id='word_1_165' title='bbox 467 1817 544 1878; x_wconf 86' lang='grc' dir='ltr'><em>εἰς</em></span> <span class='ocrx_word' id='word_1_166' title='bbox 583 1816 795 1885; x_wconf 82' lang='grc' dir='ltr'><em>ὀροφὰς</em></span> <span class='ocrx_word' id='word_1_167' title='bbox 834 1814 1099 1884; x_wconf 85' lang='grc' dir='ltr'><em>ἐτέμνετο,</em></span> <span class='ocrx_word' id='word_1_168' title='bbox 1137 1818 1374 1878; x_wconf 90' lang='grc' dir='ltr'><em>πλοῦτος</em></span> <span class='ocrx_word' id='word_1_169' title='bbox 1412 1815 1473 1867; x_wconf 79' lang='grc' dir='ltr'><em>δὲ</em></span> <span class='ocrx_word' id='word_1_170' title='bbox 1512 1817 1589 1878; x_wconf 88' lang='grc' dir='ltr'><em>εἰς</em></span> <span class='ocrx_word' id='word_1_171' title='bbox 1618 1816 1718 1883; x_wconf 90' lang='grc' dir='ltr'><em>τὴν</em></span> <span class='ocrx_word' id='word_1_172' title='bbox 1755 1816 1900 1868; x_wconf 84' lang='grc' dir='ltr'><em>οἰκο-</em></span> 
     </span>
     <span class='ocr_line' id='line_1_21' title="bbox 223 1899 1966 1974; baseline 0.001 -19"><span class='ocrx_word' id='word_1_173' title='bbox 223 1904 423 1968; x_wconf 91' lang='grc' dir='ltr'><em>δομίαν</em></span> <span class='ocrx_word' id='word_1_174' title='bbox 461 1901 707 1972; x_wconf 80' lang='grc' dir='ltr'><em>ἐξεχεῖτο.</em></span> <span class='ocrx_word' id='word_1_175' title='bbox 769 1903 853 1956; x_wconf 90' lang='grc'><em>90.</em></span> <span class='ocrx_word' id='word_1_176' title='bbox 893 1904 1236 1974; x_wconf 86' lang='grc' dir='ltr'><em>ὑπογράφων</em></span> <span class='ocrx_word' id='word_1_177' title='bbox 1267 1900 1327 1955; x_wconf 76' lang='grc' dir='ltr'><em>δὲ</em></span> <span class='ocrx_word' id='word_1_178' title='bbox 1366 1903 1426 1955; x_wconf 90' lang='grc' dir='ltr'><em>τὸ</em></span> <span class='ocrx_word' id='word_1_179' title='bbox 1468 1904 1603 1955; x_wconf 76' lang='grc' dir='ltr'><em>ἄστυ</em></span> <span class='ocrx_word' id='word_1_180' title='bbox 1635 1904 1762 1965; x_wconf 84' lang='grc' dir='ltr'><em>τοὺς</em></span> <span class='ocrx_word' id='word_1_181' title='bbox 1797 1899 1899 1969; x_wconf 74' lang='grc' dir='ltr'><em>μὲν</em></span> <span class='ocrx_word' id='word_1_182' title='bbox 1921 1924 1966 1957; x_wconf 70' lang='grc' dir='ltr'><em>ω</em></span> 
     </span>
     <span class='ocr_line' id='line_1_22' title="bbox 222 1989 1899 2061; baseline 0 -18"><span class='ocrx_word' id='word_1_183' title='bbox 222 1990 524 2059; x_wconf 83' lang='grc' dir='ltr'><em>ἐλέφαντας</em></span> <span class='ocrx_word' id='word_1_184' title='bbox 559 1993 695 2045; x_wconf 82' lang='grc' dir='ltr'><em>κατὰ</em></span> <span class='ocrx_word' id='word_1_185' title='bbox 730 1993 832 2061; x_wconf 86' lang='grc' dir='ltr'><em>τὴν</em></span> <span class='ocrx_word' id='word_1_186' title='bbox 871 1993 1054 2061; x_wconf 85' lang='grc' dir='ltr'><em>χώραν</em></span> <span class='ocrx_word' id='word_1_187' title='bbox 1092 1993 1270 2060; x_wconf 86' lang='grc' dir='ltr'><em>διίστη</em></span> <span class='ocrx_word' id='word_1_188' title='bbox 1308 1999 1421 2043; x_wconf 83' lang='grc' dir='ltr'><em>τῶν</em></span> <span class='ocrx_word' id='word_1_189' title='bbox 1459 1989 1733 2059; x_wconf 81' lang='grc' dir='ltr'><em>ἐσομένων</em></span> <span class='ocrx_word' id='word_1_190' title='bbox 1762 1991 1899 2058; x_wconf 88' lang='grc' dir='ltr'><em>πύρ-</em></span> 
     </span>
     <span class='ocr_line' id='line_1_23' title="bbox 225 2073 1897 2147; baseline -0.001 -15"><span class='ocrx_word' id='word_1_191' title='bbox 225 2099 356 2147; x_wconf 78' lang='grc' dir='ltr'><em>γων,</em></span> <span class='ocrx_word' id='word_1_192' title='bbox 419 2089 596 2132; x_wconf 83' lang='grc' dir='ltr'><em>στοῶν</em></span> <span class='ocrx_word' id='word_1_193' title='bbox 650 2081 711 2133; x_wconf 82' lang='grc' dir='ltr'><em>δὲ</em></span> <span class='ocrx_word' id='word_1_194' title='bbox 769 2080 858 2133; x_wconf 82' lang='grc' dir='ltr'><em>καὶ</em></span> <span class='ocrx_word' id='word_1_195' title='bbox 913 2088 1209 2132; x_wconf 87' lang='grc' dir='ltr'><em>στενωπῶν</em></span> <span class='ocrx_word' id='word_1_196' title='bbox 1259 2080 1427 2147; x_wconf 83' lang='grc' dir='ltr'><em>μῆκός</em></span> <span class='ocrx_word' id='word_1_197' title='bbox 1478 2098 1535 2131; x_wconf 88' lang='grc' dir='ltr'><em>τε</em></span> <span class='ocrx_word' id='word_1_198' title='bbox 1587 2079 1675 2131; x_wconf 80' lang='grc' dir='ltr'><em>καὶ</em></span> <span class='ocrx_word' id='word_1_199' title='bbox 1737 2073 1897 2146; x_wconf 84' lang='grc' dir='ltr'><em>εὖρος</em></span> 
     </span>
    </p>
   </div>
   <div class='ocr_carea' id='block_1_3' title="bbox 224 2185 576 2190">
    <p class='ocr_par' dir='ltr' id='par_1_3' title="bbox 224 2185 576 2190">
     <span class='ocr_line' id='line_1_24' title="bbox 224 2185 576 2190; baseline 0 0"><span class='ocrx_word' id='word_1_200' title='bbox 224 2185 576 2190; x_wconf 95' lang='lat' dir='ltr'><em> </em></span> 
     </span>
    </p>
   </div>
   <div class='ocr_carea' id='block_1_4' title="bbox 345 2224 1095 2279">
    <p class='ocr_par' dir='ltr' id='par_1_4' title="bbox 345 2224 1095 2279">
     <span class='ocr_line' id='line_1_25' title="bbox 345 2224 1095 2279; baseline 0 -11"><span class='ocrx_word' id='word_1_201' title='bbox 345 2230 400 2268; x_wconf 82' lang='grc'><em>22</em></span> <span class='ocrx_word' id='word_1_202' title='bbox 433 2225 491 2269; x_wconf 85' lang='lat' dir='ltr'><em>cf.</em></span> <span class='ocrx_word' id='word_1_203' title='bbox 524 2225 704 2269; x_wconf 83' lang='lat' dir='ltr'><strong>Arrian.</strong></span> <span class='ocrx_word' id='word_1_204' title='bbox 738 2224 886 2269; x_wconf 76' lang='lat' dir='ltr'><strong>Anab.</strong></span> <span class='ocrx_word' id='word_1_205' title='bbox 918 2224 982 2268; x_wconf 91' lang='lat' dir='ltr'><em>III</em></span> <span class='ocrx_word' id='word_1_206' title='bbox 1006 2229 1045 2279; x_wconf 86' lang='lat'><em>2,</em></span> <span class='ocrx_word' id='word_1_207' title='bbox 1075 2230 1095 2268; x_wconf 95' lang='lat'>1</span> 
     </span>
    </p>
   </div>
   <div class='ocr_carea' id='block_1_5' title="bbox 226 2310 577 2316">
    <p class='ocr_par' dir='ltr' id='par_1_5' title="bbox 226 2310 577 2316">
     <span class='ocr_line' id='line_1_26' title="bbox 226 2310 577 2316; baseline 0 0"><span class='ocrx_word' id='word_1_208' title='bbox 226 2310 577 2316; x_wconf 95' lang='lat' dir='ltr'><em> </em></span> 
     </span>
    </p>
   </div>
   <div class='ocr_carea' id='block_1_6' title="bbox 342 2355 1782 2415">
    <p class='ocr_par' dir='ltr' id='par_1_6' title="bbox 342 2355 1782 2415">
     <span class='ocr_line' id='line_1_27' title="bbox 342 2355 1782 2415; baseline -0.003 -13"><span class='ocrx_word' id='word_1_209' title='bbox 342 2363 370 2402; x_wconf 88' lang='lat'>4</span> <span class='ocrx_word' id='word_1_210' title='bbox 402 2355 652 2415; x_wconf 82' lang='grc' dir='ltr'><em>σημείωσαι</em></span> <span class='ocrx_word' id='word_1_211' title='bbox 680 2357 764 2414; x_wconf 86' lang='grc' dir='ltr'><em>τὴν</em></span> <span class='ocrx_word' id='word_1_212' title='bbox 796 2357 1013 2411; x_wconf 77' lang='grc' dir='ltr'><em>σύνταξιν</em></span> <span class='ocrx_word' id='word_1_213' title='bbox 1037 2358 1082 2401; x_wconf 89' lang='grc' dir='ltr'>Β</span> <span class='ocrx_word' id='word_1_214' title='bbox 1143 2356 1199 2400; x_wconf 84' lang='lat' dir='ltr'><em>cf.</em></span> <span class='ocrx_word' id='word_1_215' title='bbox 1234 2355 1373 2400; x_wconf 84' lang='lat' dir='ltr'><strong>schol.</strong></span> <span class='ocrx_word' id='word_1_216' title='bbox 1408 2355 1469 2398; x_wconf 82' lang='lat' dir='ltr'><em>ad</em></span> <span class='ocrx_word' id='word_1_217' title='bbox 1500 2355 1645 2410; x_wconf 81' lang='lat'>1427,</span> <span class='ocrx_word' id='word_1_218' title='bbox 1670 2360 1725 2398; x_wconf 79' lang='lat'><em>25</em></span> <span class='ocrx_word' id='word_1_219' title='bbox 1743 2355 1782 2398; x_wconf 86' lang='lat' dir='ltr'>R</span> 
     </span>
    </p>
   </div>
   <div class='ocr_carea' id='block_1_7' title="bbox 228 2443 581 2450">
    <p class='ocr_par' dir='ltr' id='par_1_7' title="bbox 228 2443 581 2450">
     <span class='ocr_line' id='line_1_28' title="bbox 228 2443 581 2450; baseline 0 712"><span class='ocrx_word' id='word_1_220' title='bbox 228 2443 581 2450; x_wconf 95' lang='lat' dir='ltr'><em> </em></span> 
     </span>
    </p>
   </div>
   <div class='ocr_carea' id='block_1_8' title="bbox 222 2472 1895 2828">
    <p class='ocr_par' dir='ltr' id='par_1_8' title="bbox 342 2472 1895 2531">
     <span class='ocr_line' id='line_1_29' title="bbox 342 2472 1895 2531; baseline -0.003 -11"><span class='ocrx_word' id='word_1_221' title='bbox 342 2481 368 2520; x_wconf 86' lang='lat'><strong>3</strong></span> <span class='ocrx_word' id='word_1_222' title='bbox 393 2475 535 2531; x_wconf 79' lang='grc' dir='ltr'><em>δήλου</em></span> <span class='ocrx_word' id='word_1_223' title='bbox 567 2475 701 2526; x_wconf 83' lang='grc' dir='ltr'><em>ὄντος</em></span> <span class='ocrx_word' id='word_1_224' title='bbox 723 2474 869 2520; x_wconf 73' lang='lat' dir='ltr'>Cobet</span> <span class='ocrx_word' id='word_1_225' title='bbox 889 2474 1057 2518; x_wconf 85' lang='lat' dir='ltr'><strong>Mnem.</strong></span> <span class='ocrx_word' id='word_1_226' title='bbox 1075 2473 1117 2518; x_wconf 91' lang='lat' dir='ltr'><strong>V</strong></span> <span class='ocrx_word' id='word_1_227' title='bbox 1135 2478 1218 2518; x_wconf 83' lang='lat'><em>107</em></span> <span class='ocrx_word' id='word_1_228' title='bbox 1249 2472 1516 2530; x_wconf 80' lang='lat' dir='ltr'>(Coll.103),</span> <span class='ocrx_word' id='word_1_229' title='bbox 1547 2472 1742 2516; x_wconf 73' lang='lat' dir='ltr'><strong>fortasse</strong></span> <span class='ocrx_word' id='word_1_230' title='bbox 1773 2474 1895 2516; x_wconf 76' lang='lat' dir='ltr'><strong>recto</strong></span> 
     </span>
    </p>

    <p class='ocr_par' dir='ltr' id='par_1_9' title="bbox 283 2530 1893 2594">
     <span class='ocr_line' id='line_1_30' title="bbox 283 2530 1893 2594; baseline -0.003 -15"><span class='ocrx_word' id='word_1_231' title='bbox 283 2541 310 2579; x_wconf 83' lang='lat'>4</span> <span class='ocrx_word' id='word_1_232' title='bbox 341 2533 615 2594; x_wconf 80' lang='grc' dir='ltr'><em>ἀνεβίβασεν</em></span> <span class='ocrx_word' id='word_1_233' title='bbox 639 2534 842 2578; x_wconf 77' lang='lat' dir='ltr'><strong>Sintenis</strong></span> <span class='ocrx_word' id='word_1_234' title='bbox 917 2539 1029 2588; x_wconf 74' lang='lat' dir='ltr'><em>„aut</em></span> <span class='ocrx_word' id='word_1_235' title='bbox 1070 2531 1338 2592; x_wconf 82' lang='grc' dir='ltr'><em>ἀναβιβάζει</em></span> <span class='ocrx_word' id='word_1_236' title='bbox 1380 2537 1462 2576; x_wconf 80' lang='lat' dir='ltr'><em>aut</em></span> <span class='ocrx_word' id='word_1_237' title='bbox 1496 2545 1587 2587; x_wconf 79' lang='lat' dir='ltr'><em>pro</em></span> <span class='ocrx_word' id='word_1_238' title='bbox 1629 2532 1694 2581; x_wconf 78' lang='grc' dir='ltr'><em>εἰς</em></span> <span class='ocrx_word' id='word_1_239' title='bbox 1722 2530 1774 2575; x_wconf 86' lang='grc' dir='ltr'><em>τὸ</em></span> <span class='ocrx_word' id='word_1_240' title='bbox 1814 2531 1893 2588; x_wconf 71' lang='lat' dir='ltr'><strong><em>leq.</em></strong></span> 
     </span>
    </p>

    <p class='ocr_par' dir='ltr' id='par_1_10' title="bbox 222 2588 1895 2780">
     <span class='ocr_line' id='line_1_31' title="bbox 222 2588 1895 2651; baseline -0.003 -13"><span class='ocrx_word' id='word_1_241' title='bbox 222 2594 425 2638; x_wconf 79' lang='grc' dir='ltr'><em>κελεύει“</em></span> <span class='ocrx_word' id='word_1_242' title='bbox 447 2593 517 2639; x_wconf 82' lang='lat' dir='ltr'><em>Re</em></span> <span class='ocrx_word' id='word_1_243' title='bbox 648 2598 673 2637; x_wconf 89' lang='grc'><strong>6</strong></span> <span class='ocrx_word' id='word_1_244' title='bbox 706 2593 926 2638; x_wconf 81' lang='grc' dir='ltr'><em>εὐθύνειν</em></span> <span class='ocrx_word' id='word_1_245' title='bbox 958 2593 1035 2637; x_wconf 82' lang='grc' dir='ltr'><em>ΠΙ</em></span> <span class='ocrx_word' id='word_1_246' title='bbox 1056 2592 1156 2651; x_wconf 81' lang='lat' dir='ltr'>(sed</span> <span class='ocrx_word' id='word_1_247' title='bbox 1187 2591 1235 2635; x_wconf 86' lang='lat' dir='ltr'><em>in</em></span> <span class='ocrx_word' id='word_1_248' title='bbox 1265 2591 1352 2635; x_wconf 82' lang='lat' dir='ltr'><em>hoc</em></span> <span class='ocrx_word' id='word_1_249' title='bbox 1382 2590 1432 2634; x_wconf 86' lang='lat' dir='ltr'><em>in</em></span> <span class='ocrx_word' id='word_1_250' title='bbox 1463 2589 1649 2635; x_wconf 67' lang='grc' dir='ltr'><em>ἰθύνειν</em></span> <span class='ocrx_word' id='word_1_251' title='bbox 1681 2603 1781 2634; x_wconf 83' lang='lat' dir='ltr'>corr</span> <span class='ocrx_word' id='word_1_252' title='bbox 1811 2588 1895 2644; x_wconf 71' lang='grc' dir='ltr'><em>αι’)</em></span> 
     </span>
     <span class='ocr_line' id='line_1_32' title="bbox 225 2646 1838 2711; baseline -0.002 -14"><span class='ocrx_word' id='word_1_253' title='bbox 225 2655 273 2697; x_wconf 70' lang='lat' dir='ltr'><em>et</em></span> <span class='ocrx_word' id='word_1_254' title='bbox 302 2653 352 2696; x_wconf 91' lang='lat' dir='ltr'><em>in</em></span> <span class='ocrx_word' id='word_1_255' title='bbox 389 2666 523 2711; x_wconf 79' lang='lat' dir='ltr'><strong>marg</strong></span> <span class='ocrx_word' id='word_1_256' title='bbox 554 2651 662 2698; x_wconf 82' lang='lat' dir='ltr'><em>Mo&#39;</em></span> <span class='ocrx_word' id='word_1_257' title='bbox 812 2656 866 2695; x_wconf 93' lang='lat'><em>10</em></span> <span class='ocrx_word' id='word_1_258' title='bbox 898 2668 914 2695; x_wconf 88' lang='grc' dir='ltr'><em>ι</em></span> <span class='ocrx_word' id='word_1_259' title='bbox 945 2650 1072 2708; x_wconf 79' lang='lat' dir='ltr'>prius</span> <span class='ocrx_word' id='word_1_260' title='bbox 1110 2651 1160 2694; x_wconf 89' lang='lat' dir='ltr'><em>in</em></span> <span class='ocrx_word' id='word_1_261' title='bbox 1199 2646 1436 2709; x_wconf 80' lang='grc' dir='ltr'><em>βοττιαίου</em></span> <span class='ocrx_word' id='word_1_262' title='bbox 1474 2649 1523 2692; x_wconf 85' lang='lat' dir='ltr'><em>in</em></span> <span class='ocrx_word' id='word_1_263' title='bbox 1562 2664 1602 2694; x_wconf 84' lang='grc' dir='ltr'><em>ει</em></span> <span class='ocrx_word' id='word_1_264' title='bbox 1638 2662 1740 2693; x_wconf 85' lang='lat' dir='ltr'>corr</span> <span class='ocrx_word' id='word_1_265' title='bbox 1769 2647 1838 2693; x_wconf 74' lang='lat' dir='ltr'><em>B&#39;</em></span> 
     </span>
     <span class='ocr_line' id='line_1_33' title="bbox 225 2706 1836 2780; baseline -0.003 -24"><span class='ocrx_word' id='word_1_266' title='bbox 225 2709 436 2770; x_wconf 86' lang='grc' dir='ltr'><em>βοτιαίου</em></span> <span class='ocrx_word' id='word_1_267' title='bbox 460 2713 546 2758; x_wconf 83' lang='grc' dir='ltr'><em>ΜΟ</em></span> <span class='ocrx_word' id='word_1_268' title='bbox 667 2715 722 2755; x_wconf 83' lang='grc'><em>12</em></span> <span class='ocrx_word' id='word_1_269' title='bbox 751 2727 799 2755; x_wconf 87' lang='grc' dir='ltr'><em>τε</em></span> <span class='ocrx_word' id='word_1_270' title='bbox 831 2710 944 2755; x_wconf 73' lang='lat' dir='ltr'><strong>del?</strong></span> <span class='ocrx_word' id='word_1_271' title='bbox 971 2714 977 2766; x_wconf 92' lang='grc' dir='ltr'>Ι</span> <span class='ocrx_word' id='word_1_272' title='bbox 1012 2709 1071 2767; x_wconf 89' lang='grc' dir='ltr'><em>μὴ</em></span> <span class='ocrx_word' id='word_1_273' title='bbox 1097 2709 1272 2755; x_wconf 85' lang='lat' dir='ltr'><strong><em>BMCa</em></strong></span> <span class='ocrx_word' id='word_1_274' title='bbox 1390 2713 1445 2752; x_wconf 82' lang='lat'><em>13</em></span> <span class='ocrx_word' id='word_1_275' title='bbox 1475 2709 1560 2780; x_wconf 63' lang='grc' dir='ltr'><em>τὴν</em></span> <span class='ocrx_word' id='word_1_276' title='bbox 1590 2708 1745 2766; x_wconf 74' lang='grc' dir='ltr'><em>χώραν</em></span> <span class='ocrx_word' id='word_1_277' title='bbox 1769 2706 1836 2751; x_wconf 75' lang='lat' dir='ltr'><em>Re</em></span> 
     </span>
    </p>

    <p class='ocr_par' dir='ltr' id='par_1_11' title="bbox 227 2763 1895 2828">
     <span class='ocr_line' id='line_1_34' title="bbox 227 2763 1895 2828; baseline -0.004 -13"><span class='ocrx_word' id='word_1_278' title='bbox 227 2775 281 2815; x_wconf 89' lang='grc'><em>16</em></span> <span class='ocrx_word' id='word_1_279' title='bbox 312 2769 635 2828; x_wconf 76' lang='grc' dir='ltr'><em>προσεγίγνετο</em></span> <span class='ocrx_word' id='word_1_280' title='bbox 667 2783 723 2814; x_wconf 81' lang='lat' dir='ltr'><em>ex</em></span> <span class='ocrx_word' id='word_1_281' title='bbox 753 2766 954 2827; x_wconf 75' lang='grc' dir='ltr'><em>ἐγίγνετο</em></span> <span class='ocrx_word' id='word_1_282' title='bbox 986 2782 1087 2813; x_wconf 77' lang='lat' dir='ltr'>corr</span> <span class='ocrx_word' id='word_1_283' title='bbox 1117 2767 1174 2813; x_wconf 65' lang='grc' dir='ltr'><em>Ι*</em></span> <span class='ocrx_word' id='word_1_284' title='bbox 1302 2770 1354 2811; x_wconf 82' lang='lat'><em>17</em></span> <span class='ocrx_word' id='word_1_285' title='bbox 1387 2767 1417 2811; x_wconf 79' lang='grc' dir='ltr'><em>ὃ</em></span> <span class='ocrx_word' id='word_1_286' title='bbox 1447 2765 1488 2811; x_wconf 81' lang='grc' dir='ltr'><em>εἰ</em></span> <span class='ocrx_word' id='word_1_287' title='bbox 1531 2763 1759 2823; x_wconf 77' lang='grc' dir='ltr'><em>πουργίαν</em></span> <span class='ocrx_word' id='word_1_288' title='bbox 1790 2778 1895 2809; x_wconf 82' lang='lat' dir='ltr'><em>cum</em></span> 
     </span>
    </p>
   </div>
   <div class='ocr_carea' id='block_1_9' title="bbox 143 2825 1895 2885">
    <p class='ocr_par' dir='ltr' id='par_1_12' title="bbox 143 2825 1895 2885">
     <span class='ocr_line' id='line_1_35' title="bbox 143 2825 1895 2885; baseline -0.004 -10"><span class='ocrx_word' id='word_1_289' title='bbox 143 2862 147 2866; x_wconf 80' lang='lat'><em>-</em></span> <span class='ocrx_word' id='word_1_290' title='bbox 223 2829 396 2880; x_wconf 71' lang='lat' dir='ltr'>rasuris</span> <span class='ocrx_word' id='word_1_291' title='bbox 430 2830 476 2875; x_wconf 88' lang='lat' dir='ltr'><em>U</em></span> <span class='ocrx_word' id='word_1_292' title='bbox 588 2833 642 2873; x_wconf 85' lang='grc'><em>19</em></span> <span class='ocrx_word' id='word_1_293' title='bbox 667 2828 920 2885; x_wconf 77' lang='grc' dir='ltr'><em>οἰκοδομὴν</em></span> <span class='ocrx_word' id='word_1_294' title='bbox 944 2827 1118 2874; x_wconf 86' lang='grc' dir='ltr'><em>ΒΜΟα</em></span> <span class='ocrx_word' id='word_1_295' title='bbox 1237 2830 1293 2869; x_wconf 83' lang='grc'><em>20</em></span> <span class='ocrx_word' id='word_1_296' title='bbox 1316 2825 1573 2883; x_wconf 55' lang='lat' dir='ltr'><em>&amp;vegetato</em></span> <span class='ocrx_word' id='word_1_297' title='bbox 1606 2825 1651 2870; x_wconf 90' lang='lat' dir='ltr'><em>U</em></span> <span class='ocrx_word' id='word_1_298' title='bbox 1762 2828 1817 2868; x_wconf 75' lang='lat'><em>22</em></span> <span class='ocrx_word' id='word_1_299' title='bbox 1847 2840 1895 2868; x_wconf 80' lang='grc' dir='ltr'><em>τε</em></span> 
     </span>
    </p>
   </div>
   <div class='ocr_carea' id='block_1_10' title="bbox 225 2883 1633 3003">
    <p class='ocr_par' dir='ltr' id='par_1_13' title="bbox 225 2883 1633 3003">
     <span class='ocr_line' id='line_1_36' title="bbox 225 2883 1301 2947; baseline -0.002 -15"><span class='ocrx_word' id='word_1_300' title='bbox 225 2903 301 2932; x_wconf 90' lang='lat' dir='ltr'><em>om</em></span> <span class='ocrx_word' id='word_1_301' title='bbox 335 2889 407 2934; x_wconf 81' lang='grc' dir='ltr'><em>ΠΙ</em></span> <span class='ocrx_word' id='word_1_302' title='bbox 441 2888 446 2947; x_wconf 86' lang='grc' dir='ltr'>Ι</span> <span class='ocrx_word' id='word_1_303' title='bbox 489 2883 623 2945; x_wconf 77' lang='grc' dir='ltr'><em>εὖρος</em></span> <span class='ocrx_word' id='word_1_304' title='bbox 655 2889 758 2934; x_wconf 82' lang='lat' dir='ltr'><em>UM</em></span> <span class='ocrx_word' id='word_1_305' title='bbox 783 2890 832 2932; x_wconf 78' lang='lat' dir='ltr'><em>et</em></span> <span class='ocrx_word' id='word_1_306' title='bbox 860 2901 916 2932; x_wconf 78' lang='lat' dir='ltr'><em>ex</em></span> <span class='ocrx_word' id='word_1_307' title='bbox 947 2883 1079 2941; x_wconf 80' lang='grc' dir='ltr'><em>εὖρος</em></span> <span class='ocrx_word' id='word_1_308' title='bbox 1109 2899 1210 2930; x_wconf 86' lang='lat' dir='ltr'>corr</span> <span class='ocrx_word' id='word_1_309' title='bbox 1233 2883 1301 2930; x_wconf 82' lang='lat' dir='ltr'><em>B&#39;</em></span> 
     </span>
     <span class='ocr_line' id='line_1_37' title="bbox 313 2959 1633 3003; baseline -0.002 -2"><span class='ocrx_word' id='word_1_310' title='bbox 313 2969 510 3003; x_wconf 66' lang='lat' dir='ltr'><em>Ianum-us</em></span> <span class='ocrx_word' id='word_1_311' title='bbox 534 2970 592 3002; x_wconf 83' lang='lat' dir='ltr'><em>ed.</em></span> <span class='ocrx_word' id='word_1_312' title='bbox 613 2970 851 3002; x_wconf 69' lang='lat' dir='ltr'><strong>Fon-nter.</strong></span> <span class='ocrx_word' id='word_1_313' title='bbox 888 2969 918 3002; x_wconf 86' lang='lat' dir='ltr'><strong>L</strong></span> <span class='ocrx_word' id='word_1_314' title='bbox 934 2977 977 3001; x_wconf 73' lang='grc' dir='ltr'><em>ιι.</em></span> <span class='ocrx_word' id='word_1_315' title='bbox 1577 2959 1633 2999; x_wconf 78' lang='lat'><em>30</em></span> 
     </span>
    </p>
   </div>
  </div>
 </body>
</html>
