2090 3162
251 130 355 182 508
801 131 1026 173 LIBANH
1058 129 1279 174 ORATIO
1314 131 1375 173 XI

251 266 502 333 ὀμφαλὸν
552 268 940 334 προσείληφεν,
997 265 1289 334 ἐφάπτεται
1345 265 1434 318 καὶ
1484 267 1621 335 πρὸς
1674 268 1774 335 τὴν
1828 266 1926 330 ἔξω

249 363 449 422 μοῖραν
488 362 585 405 τοῦ
635 363 882 422 ποταμοῦ
933 353 1290 423 προβέβηκεν,
1343 355 1480 406 ὥστε
1527 354 1616 408 καὶ
1656 357 1715 407 τὸ
1756 363 1929 423 τεῖχος

250 442 363 494 ἀντ’
396 442 667 505 ἐπάλξεων
698 447 886 505 κιόνας
926 443 1223 511 δεξάμενον
1254 442 1360 496 θέα
1392 445 1606 510 βασιλεῖ
1643 443 1927 513 πρέπουσα

249 532 668 583 κατεσκεύασται
731 540 828 583 τοῦ
889 540 1137 599 ποταμοῦ
1200 530 1300 600 μὲν
1361 532 1755 602 ὑπορρέοντος,
1820 542 1930 584 τῶν

207 621 589 687 επροαστείων
651 620 711 671 δὲ
771 622 1120 688 πανταχόθεν
1181 621 1540 689 εὐωχούντων
1600 622 1694 683 τὰς
1761 623 1927 683 ὄψεις.

249 709 370 760 2ΟῙ.
421 707 512 760 καὶ
564 707 642 759 δι’
689 707 967 775 ἀκριβείας
1015 709 1116 774 μὲν
1162 709 1299 779 ὑπὲρ
1339 710 1540 761 τούτου
1578 717 1676 761 τοῦ
1728 709 1930 778 μέρους

249 795 567 868 βουλομένῳ
632 797 880 848 διελθεῖν
932 796 1078 848 τοῦτ’
1142 798 1275 849 αὐτὸ
1330 797 1587 865 ποιητέον
1640 797 1931 866 ὑπόθεσιν,

249 883 362 937 ἀλλ’
412 886 513 954 οὐχ
553 883 734 954 ἑτέρας
772 884 960 954 μέρος,
1009 886 1093 938 δεῖ
1141 887 1205 938 δὲ’
1249 886 1393 954 ὅμως
1431 893 1701 938 τοσοῦτον
1740 887 1930 954 εἰπεῖν,

249 973 332 1024 ὅτι
365 982 476 1025 τῶν
509 975 686 1026 ὄντων
719 973 1032 1043 ἁπανταχοῦ
1066 984 1175 1027 τῶν
1207 972 1308 1043 μὲν
1340 974 1398 1027 ἐκ
1429 974 1701 1042 μεγέθους
1733 977 1930 1042 λαβόν-

184 1084 225 1115 10
250 1082 359 1114 των
410 1064 607 1130 ὄνομα,
659 1071 769 1114 τῶν
810 1060 870 1115 δὲ
920 1062 1007 1115 ε’πὶ
1059 1064 1243 1115 κάλλει
1290 1062 1644 1132 βεβοημένων
1683 1072 1794 1115 τῶν
1832 1060 1933 1131 μὲν

249 1150 461 1220 οὐδαμῇ
517 1154 781 1219 λείπεται,
833 1161 944 1204 τῶν
999 1149 1058 1204 δὲ
1111 1150 1203 1204 καὶ
1257 1155 1398 1204 πολὺ
1453 1153 1798 1221 κεκράτηκεν,
1855 1153 1933 1214 εἰς

160 1253 200 1294 R
223 1256 303 1294 341
339 1239 575 1301 κάλλους
624 1239 725 1307 μὲν
765 1242 933 1307 λόγον
973 1241 1221 1308 οὐδαμοῦ
1269 1242 1593 1309 νικώμενον,
1645 1240 1704 1294 ἐν
1740 1245 1746 1306 Ι
1781 1240 1933 1309 μεγέ-

248 1334 390 1389 θους
431 1325 490 1379 δὲ
530 1330 705 1396 κρίσει
751 1336 1029 1397 πανταχοῦ
1070 1339 1258 1398 νικῶν,
1308 1331 1384 1391 εἰς
1421 1331 1721 1392 τοσούτους
1760 1329 1932 1382 θαλά-

248 1436 387 1484 μους
426 1417 515 1468 καὶ
564 1417 726 1479 στοὰς
773 1416 863 1469 καὶ
915 1417 1203 1487 ἀνδρῶνας
1253 1417 1603 1487 διῃρημένον,
1655 1419 1792 1470 ὥστε
1842 1417 1933 1470 καὶ

185 1528 224 1559 15
249 1507 378 1566 τοὺς
432 1507 558 1557 λίαν
612 1504 819 1567 ἐθάδας
872 1505 932 1559 ἐκ
985 1511 1184 1575 θυρῶν
1238 1505 1325 1558 ἐπὶ
1384 1508 1566 1574 θύρας
1621 1508 1802 1569 ἰόντας
1856 1508 1933 1568 εἰς

248 1594 463 1661 πλάνην
518 1592 816 1662 ἐμπίπτειν.
907 1597 1070 1646 τοῦτό
1133 1615 1227 1663 μοι
1282 1595 1434 1647 δοκεῖ
1487 1594 1591 1646 κᾶν
1645 1597 1818 1663 μόνον
1873 1594 1931 1646 ἐν

249 1685 403 1734 πόλει
444 1683 670 1750 φαύλως
710 1682 908 1753 ἐχούσῃ
947 1686 1220 1751 κείμενον,
1260 1684 1380 1745 οἵας
1418 1684 1621 1746 πολλὰς
1661 1682 1746 1735 ἐπὶ
1791 1681 1934 1754 Θρᾴ-

250 1791 347 1838 κης
407 1770 638 1839 ὁρῶμεν,
700 1769 841 1823 ἔνθα
896 1772 962 1824 οὐ
1018 1771 1216 1825 πολλαὶ
1274 1773 1508 1839 καλύβαι
1562 1779 1784 1824 ποιοῦσι
1839 1773 1934 1834 τὰς

249 1861 452 1927 πόλεις,
493 1860 541 1911 εἰ
579 1860 792 1911 τούτων
827 1867 925 1930 μιᾷ
963 1868 1127 1912 τοῦτο
1161 1859 1414 1928 ἐνέκειτο,
1453 1861 1668 1923 πάντως
1699 1859 1768 1912 ἂν
1799 1878 1934 1929 παρ-

187 1971 229 2002 20
253 1956 398 2016 εῖχεν
460 1946 522 2000 ἐν
584 1946 852 2020 ε’ξετασμῷ
908 1951 1120 2001 πόλεων
1181 1957 1244 2019 τῇ
1307 1948 1604 2018 κεκτημένῃ
1666 1952 1935 2017 μεγαλαυ-

373 2128 426 2166 10
459 2121 770 2182 βεβοημένων]
816 2121 1066 2180 σημείωσαι
1109 2131 1244 2168 τοῦτο
1289 2124 1367 2167 καὶ
1412 2124 1487 2168 ἐπὶ
1530 2125 1672 2167 καλοῦ
1715 2122 1934 2172 πολλάκις

251 2181 569 2297 ᾗραῖόρζὲνοίκέ
588 2199 653 2298 gg
679 2181 1096 2298 ἓιβίᾅοέμξέᾏοξ
1123 2183 1174 2227 δὲ
1207 2183 1280 2226 ἀεὶ
1313 2183 1388 2227 ἐπὶ
1420 2189 1567 2226 κακοῦ
1594 2181 1662 2226 B2
1688 2181 1743 2225 cf.
1771 2182 1930 2225 Thom.

373 2408 393 2445 1
430 2417 456 2446 σ
487 2404 536 2446 in
567 2401 874 2460 προσείληφεν
906 2403 1029 2447 inser
1052 2405 1083 2447 1
1094 2403 1110 2427 ²
1171 2419 1281 2446 num
1311 2401 1596 2459 παρείληφεν
1622 2405 1698 2459 (sc.
1724 2402 1753 2458 ἡ
1778 2403 1933 2459 νῆσος)

253 2460 590 2518 ,,προσείπομεν
615 2469 697 2507 aut
718 2461 1115 2519 npoostpn'uocgoeffl
1139 2463 1208 2506 Re
1223 2462 1363 2506 Anim
1483 2467 1508 2504 2
1540 2460 1798 2520 προβέβηκε
1829 2475 1934 2504 cum

251 2534 413 2565 rasura
445 2521 733 2578 singularum
763 2521 1026 2565 litterarum
1068 2524 1174 2578 post
1213 2523 1241 2580 β
1279 2524 1327 2565 et
1365 2520 1583 2565 ultimum
1615 2537 1635 2564 ε
1678 2522 1750 2565 UI
1774 2520 1855 2563 sed
1885 2520 1935 2562 in

251 2580 339 2624 hoc
370 2597 398 2636 η
431 2579 479 2622 in
510 2593 584 2623 ras
609 2579 678 2623 m²
805 2585 832 2623 4
864 2583 1235 2624 κατεσκευασθαι
1261 2582 1345 2625 Mo
1468 2585 1490 2623 7
1525 2598 1558 2623 ω
1590 2580 1639 2622 in
1672 2577 1932 2638 βουλομένω

252 2639 300 2682 in
331 2652 406 2682 ras
430 2637 497 2683 Ρ2
615 2643 640 2681 8
673 2636 859 2695 μερίδος
882 2641 927 2684 Β
1048 2644 1073 2682 9
1099 2657 1126 2683 ν
1153 2639 1206 2683 ὄν
1239 2657 1273 2683 ω
1306 2639 1356 2682 in
1386 2646 1476 2682 τῶν
1510 2637 1656 2682 ὄντων
1688 2639 1737 2681 in
1768 2650 1844 2680 ras
1872 2636 1935 2682 0²

314 2702 369 2740 10
403 2697 426 2741 ὀ
458 2697 507 2740 in
540 2696 686 2754 ὄνομα
717 2698 766 2741 in
796 2712 872 2741 ras
895 2699 931 2741 Ι
937 2697 954 2722 ²
1020 2699 1224 2755 τοῦνομα
1258 2698 1302 2742 U
1361 2697 1414 2741 τὸ
1447 2697 1594 2769 ὄνομα
1621 2699 1704 2742 Mo
1827 2701 1879 2739 11
1906 2701 1934 2751 ῆ

252 2756 300 2799 in
333 2757 514 2812 οὐδαμῆ
544 2756 594 2798 in
624 2771 698 2800 ras
723 2756 795 2801 Ρ2
856 2757 1062 2813 ουδαμοῦ
1086 2757 1293 2802 AUIRe
1415 2761 1467 2799 12
1493 2755 1657 2806 κάλλος
1682 2758 1766 2800 Mo
1793 2755 1800 2813 1
1827 2770 1852 2798 ο
1883 2753 1932 2796 in

253 2813 389 2871 λόγον
421 2828 476 2858 ex
508 2833 542 2858 ω
577 2828 677 2858 corr
698 2815 758 2858 12
830 2815 978 2871 λόγων
1009 2819 1090 2860 Mo
1132 2818 1138 2872 Ι
1174 2816 1362 2872 οὐδαμῆ
1402 2815 1516 2859 UIB
1662 2818 1714 2858 18
1747 2831 1764 2857 ι
1795 2825 1935 2868 supra

255 2891 304 2917 αι
341 2874 391 2917 in
430 2880 649 2918 ποιοῦσαι
679 2874 738 2917 12
819 2881 1039 2918 ποιοῦσαι
1073 2875 1112 2919 0
1145 2875 1244 2931 (sed
1283 2890 1314 2916 α
1351 2873 1401 2916 in
1439 2887 1515 2916 ras
1554 2873 1640 2930 m2)
1672 2871 1935 2918 AMMoCa

255 2934 302 2976 et
332 2950 386 2989 γρ
418 2933 467 2975 in
497 2946 631 2990 marg
659 2933 761 2977 Mor
910 2937 965 2976 20
998 2934 1047 2978 ἐν
1079 2947 1154 2977 om
1187 2934 1251 2977 Ga
1282 2933 1407 2976 inser
1438 2933 1548 2976 ΒΜ
1557 2932 1574 2957 2
