2090 3162
159 662 177 692 5

203 150 309 201 478
756 150 982 193 LIBANII
1015 149 1237 194 ORATIO
1274 150 1336 193 XI

197 284 524 355 Ἐπιφανής,
572 283 661 337 καὶ
712 286 812 338 οὐκ
859 283 1010 338 ἔστιν
1058 285 1116 347 ὃς
1165 286 1390 355 ἄμοιρος
1437 286 1604 354 ὤφθη
1652 294 1745 355 τῆς
1785 286 1891 340 ἀπὸ

204 375 470 427 τοιούτων
532 376 846 443 μαρτυρίας.
942 374 1061 425 127.
1125 376 1301 426 καίτοι
1364 375 1411 426 εἰ
1472 382 1590 436 ταῖς
1634 373 1890 443 Ἀθήναις

205 464 407 529 σεμνὸν
461 463 520 514 τὸ
576 471 685 514 τῶν
740 461 1183 528 πολιτευομένων
1238 461 1364 531 παρ’
1413 463 1599 525 αὐτοῖς
1645 465 1741 516 τὸν
1787 465 1889 532 μὲν

204 553 419 603 δίκαιον
457 555 749 618 κληθῆναι,
789 552 888 603 τὸν
929 547 989 603 δὲ
1028 550 1216 618 ἕτερόν
1255 571 1323 618 τι,
1362 553 1537 603 πόσον
1575 571 1635 619 γε
1666 560 1729 621 τῇ
1762 553 1886 620 ἡμε-

202 640 329 709 τέρα
368 642 612 706 γίγνεται
652 640 711 692 τὸ
753 642 882 702 τοὺς
914 642 1156 706 βασιλεῖς
1187 640 1455 692 τοιούτων
1485 642 1888 710 προσρημάτων

114 740 150 782 Η
176 746 259 783 313
294 727 477 791 ἀξίους
512 726 519 798 Ι
554 728 819 797 ὀφθῆναι,
851 727 942 780 καὶ
973 736 1142 780 ταῦτα
1176 728 1243 780 οὐ
1277 729 1379 780 δύο
1411 729 1580 796 τινάς,
1613 728 1728 782 ἀλλ’
1764 730 1886 798 ἐφε-

135 1105 175 1136 10

134 1549 174 1581 15

202 818 294 884 ξῆς
333 818 574 879 ἅπαντας
613 819 727 885 καί,
766 819 827 869 τὸ
869 819 948 869 ἔτι
987 820 1187 884 μεῖζον,
1228 817 1307 879 εἰς
1345 824 1615 870 τοσοῦτον
1653 819 1888 885 ἥκοντας

202 905 467 973 ἀριθμοῦ;
1198 899 1199 902 ¹

315 995 433 1047 128,
476 995 558 1046 Οὐ
597 997 772 1061 μόνον
812 991 872 1047 δὲ
912 995 1015 1064 ἄρα
1055 1004 1166 1047 τῶν
1205 994 1489 1063 ἀρχόντων
1519 996 1585 1047 τὰ
1624 996 1886 1065 κράτιστα

201 1083 600 1151 ἀπελαύσαμεν,
641 1083 778 1135 ἀλλὰ
808 1082 897 1135 καὶ
931 1093 1041 1135 τῶν
1073 1082 1299 1136 ἐκείνων
1331 1092 1628 1152 γυναικῶν,
1669 1086 1726 1136 αἳ
1756 1087 1887 1147 τοὺς

202 1173 387 1234 ἱστοὺς
433 1172 739 1241 ὑπερβᾶσαι
785 1174 1065 1241 κρείττους
1111 1170 1366 1239 ἐγένοντο
1405 1180 1500 1240 τῆς
1547 1173 1764 1240 φύσεως
1806 1175 1886 1236 εἰς

199 1262 299 1329 τὴν
337 1263 515 1329 πόλιν,
556 1262 858 1331 φροντίδας
891 1260 1123 1330 ἀνδράσι
1162 1261 1547 1331 προσηκούσας
1577 1260 1884 1327 ὑπομένου-

201 1364 308 1417 σαι,
349 1350 404 1402 αἱ
442 1346 543 1416 μὲν
580 1352 893 1417 βοηθοῦσαι
928 1358 1042 1412 τοῖς
1080 1350 1203 1419 περὶ
1243 1350 1336 1412 τὰς
1370 1351 1545 1418 ταφὰς
1583 1352 1789 1418 νόμοις,
1828 1351 1885 1403 αἱ

201 1438 261 1490 δὲ
300 1440 428 1500 τοὺς
466 1435 568 1507 μὲν
605 1440 776 1500 θεοὺς
818 1439 985 1507 ἱεροῖς
1023 1447 1276 1507 τιμῶσαι,
1315 1439 1416 1515 τὴν
1455 1435 1515 1490 δὲ
1555 1441 1719 1492 πόλιν
1756 1447 1883 1509 τιμῇ

199 1534 525 1595 κοσμοῦσαι,
586 1527 837 1595 καθάπερ
893 1527 995 1579 οὐκ
1048 1525 1136 1579 ἐπὶ
1190 1527 1406 1579 παίδων
1460 1536 1650 1594 γοναῖς
1710 1530 1884 1596 μόνον

200 1622 559 1668 συνοικοῦσαι
593 1623 708 1677 τοῖς
739 1615 1026 1685 ἀνδράσιν,
1067 1615 1203 1667 ἀλλὰ
1234 1615 1324 1667 καὶ
1358 1614 1503 1677 ὅπως
1533 1623 1784 1681 μιμοῖντο
1817 1617 1883 1668 τὰ

199 1702 424 1757 ἐκείνων
462 1704 586 1773 περὶ
623 1705 723 1772 τὴν
761 1706 938 1757 πόλιν.

313 1792 430 1845 129.
459 1790 598 1855 ’Ἑως
643 1789 744 1859 μὲν
783 1788 886 1845 οὗν
925 1791 1100 1845 ἐδόκει
1139 1798 1213 1864 τῷ
1262 1793 1484 1861 δαίμονι
1527 1801 1589 1862 τῇ
1629 1794 1882 1846 1Μακεδό-

199 1901 313 1933 νων
362 1881 549 1950 γνώμῃ
600 1882 701 1949 τὴν
729 1879 913 1934 Ἀσίαν
952 1881 1234 1949 εὐθύνειν,
1285 1882 1383 1949 ἥδε
1432 1876 1502 1948 ἣν
1553 1881 1739 1944 αὐτοῖς
1786 1890 1882 1951 τῆς

316 2075 342 2112 4
374 2070 539 2114 Aesch.
571 2083 633 2113 or.
665 2070 687 2113 1
719 2075 744 2124 ξ
778 2074 834 2114 25
887 2070 929 2113 Π
962 2075 986 2124 g
1013 2075 1069 2114 23
1123 2070 1187 2113 ΙΠ
1219 2075 1244 2124 ς
1278 2074 1360 2114 181

318 2253 339 2291 1
376 2246 426 2298 ὃς
457 2246 648 2304 ἄμοιρος
670 2248 739 2291 Re
813 2247 1006 2304 ἄμοιρος
1037 2245 1087 2298 ὃς
1117 2247 1226 2291 libri
1258 2247 1349 2291 nisi
1382 2247 1506 2302 quod
1539 2245 1589 2298 ὃς
1618 2247 1667 2290 in
1701 2249 1786 2291 Mo
1809 2247 1880 2290 m²

199 2306 403 2350 deletum
436 2309 484 2350 eb
515 2309 624 2351 ante
655 2306 849 2363 ἄμοιρος
878 2307 1102 2350 insensum
1127 2309 1175 2350 et
1197 2307 1247 2350 in
1274 2307 1338 2351 Ca
1361 2309 1468 2363 post
1497 2305 1640 2362 ὤφθη
1672 2307 1877 2362 positum

199 2368 291 2420 est,
331 2368 378 2409 et
407 2365 510 2409 Mor
659 2370 684 2408 3
718 2366 882 2417 αὐταῖς
911 2366 1027 2411 ΒὈα
1167 2370 1195 2408 4
1234 2368 1342 2422 post
1378 2368 1612 2422 κληθῆναι
1651 2365 1877 2409 excidisse

196 2426 334 2480 putat
357 2424 438 2468 τὸν
463 2425 513 2468 δὲ
575 2423 741 2481 ρηστόν
767 2423 911 2468 Οοδοῒ,
933 2425 1102 2468 Mnem.
1120 2423 1162 2467 V
1181 2429 1263 2468 108
1290 2423 1418 2482 (Coll.
1446 2429 1547 2482 103)
1572 2425 1628 2467 de
1645 2423 1878 2468 Phocione

198 2483 409 2540 cogitans
428 2442 570 2526 hauc?
577 2483 962 2540 improbabiliter,
981 2483 1070 2527 etsi
1091 2483 1220 2527 locus
1236 2483 1478 2527 Aeschinis
1503 2497 1565 2526 or.
1581 2483 1600 2525 I
1618 2489 1642 2536 ξ
1662 2488 1715 2526 25
1733 2483 1876 2526 etiam

199 2541 379 2586 Solonis
410 2542 693 2586 mentionem
723 2542 899 2586 factam
930 2556 1030 2587 esse
1061 2542 1256 2586 suadere
1288 2543 1444 2599 potest
1469 2542 1476 2600 1
1508 2549 1563 2600 τῇ
1595 2558 1646 2599 γε
1679 2543 1877 2587 CUIMo

198 2603 246 2645 et
279 2601 328 2644 in
357 2613 433 2644 ras
465 2614 566 2644 corr
595 2603 648 2645 ut
677 2601 864 2645 videtur
887 2614 911 2645 e
936 2618 985 2659 γε
1007 2608 1062 2659 τῇ
1087 2601 1159 2646 Ρ3
1224 2607 1280 2658 τῆ
1309 2617 1357 2645 τε
1392 2602 1456 2646 Ca
1575 2606 1600 2644 5
1626 2619 1651 2658 y
1677 2601 1876 2644 alterum

196 2660 245 2703 in
269 2657 474 2717 γίγνεται
496 2660 620 2704 inser
643 2660 714 2704 Ρ8
774 2658 950 2717 γίνεται
983 2661 1027 2705 U
1044 2662 1091 2704 etz
1121 2660 1245 2704 inser
1268 2662 1303 2704 I
1308 2660 1325 2685 ³
1447 2663 1500 2703 10
1525 2659 1576 2703 αἳ
1598 2687 1655 2692 -
1682 2664 1734 2703 12
1759 2659 1874 2703 ’ὑπο-

197 2716 418 2774 μένουσαι
449 2718 566 2762 citat
595 2719 712 2762 Plan
742 2718 822 2763 fol.
849 2723 903 2763 99
1042 2724 1094 2763 11
1127 2720 1356 2774 ὑπερᾶσαι
1389 2720 1472 2763 Mo
1505 2718 1585 2762 sed
1617 2719 1874 2777 ὑπερβᾶσαι

196 2777 244 2820 in
268 2791 402 2835 marg
423 2776 494 2821 m²
608 2783 662 2821 14
684 2785 739 2846 τῇ
772 2779 882 2822 ante
910 2785 1016 2836 τιμῇ
1041 2777 1099 2822 1²
1164 2784 1316 2836 τρυφῇ
1343 2776 1499 2822 Gasda
1530 2777 1632 2822 coll.
1653 2793 1702 2880 lp.
1730 2781 1828 2830 518,
1847 2780 1871 2819 ⁷

258 2841 312 2880 15
345 2837 429 2880 οὐκ
467 2835 517 2879 in
547 2850 681 2894 marg
711 2851 836 2881 mser
867 2837 938 2880 Ρ8
978 2836 984 2895 Ι
1026 2834 1197 2893 μόνους
1229 2838 1313 2881 Mo
1457 2841 1509 2879 16
1540 2853 1648 2880 τακε
1671 2853 1766 2881 νων
1807 2835 1874 2879 U1

197 2895 279 2938 sed.
316 2895 366 2938 in
403 2894 492 2939 hoc
523 2912 552 2938 α
584 2895 633 2938 in
662 2908 739 2939 ras
771 2900 796 2939 2
829 2894 1093 2939 litterarum
1114 2895 1186 2938 m'
1325 2899 1378 2938 18
1409 2902 1471 2938 τῶ
1504 2908 1528 2938 e
1557 2902 1613 2952 τῆ
1645 2909 1746 2938 corr
1767 2894 1811 2937 Α

195 2959 250 3011 τῇ
282 2953 350 2997 Re
495 2959 548 2997 19
589 2954 809 2998 εὐθύνειν
842 2956 903 2999 Μ
938 2954 1019 2998 sed
1059 2953 1265 3011 ἰ]θ·ύνειν
1295 2954 1344 2997 in
1374 2967 1508 3011 marg
1541 2957 1547 3010 Ι
1585 2954 1727 3008 αὐτῆς
1764 2952 1871 2996 UGa
