2090 3162
238 106 346 158 392
475 107 478 110 ’
790 105 1016 148 LIBANII
1050 104 1272 148 ORATIO
1305 105 1367 148 IX

948 252 976 282 a

881 313 1326 460 RN

310 472 684 733 s*
1129 469 1815 695 (RQ

238 720 357 765 Chis
409 627 611 736 Augs
1259 694 1399 739 Marc
1419 690 1501 732 437

538 697 863 937 ssi
894 830 1043 910 R&

478 941 575 986 Pal.
775 888 881 1034 Χ
1063 896 1298 974 Marc.
1317 928 1414 973 XCI
1433 934 1457 971 2

559 1020 739 1064 vat-81
849 1043 1184 1098 Neap‚11E17

343 1202 493 1262 Vides
543 1215 698 1277 igitur
746 1213 824 1261 hic
876 1229 1069 1276 quoque
1121 1214 1309 1262 codices
1359 1215 1412 1262 in
1452 1215 1574 1262 duas
1613 1214 1917 1263 discedentes

233 1288 472 1349 familias,
523 1303 733 1350 quarum
782 1290 919 1350 prior
967 1288 1139 1350 primis
1189 1289 1242 1349 6,
1294 1289 1452 1336 altera
1501 1288 1707 1350 reliquis
1758 1289 1918 1337 tribus

233 1361 479 1410 codicibus
534 1362 826 1410 continetur.
912 1361 1006 1410 Sed
1059 1362 1195 1424 prior
1249 1362 1394 1409 alteri
1446 1364 1618 1424 utique
1672 1365 1907 1424 praestat.

234 1435 543 1497 Quamquam
596 1452 656 1483 ne
709 1436 830 1484 haec
884 1436 1082 1497 quidem
1142 1436 1299 1484 libera
1352 1438 1427 1484 est
1480 1437 1793 1498 corruptelis,
1854 1440 1914 1484 ut

232 1527 279 1571 p.
315 1511 435 1570 398,
456 1513 482 1557 1
527 1525 717 1557 crucem
756 1525 1003 1572 apponere
1041 1525 1235 1558 necesse
1274 1510 1438 1558 fuerit.
1509 1510 1708 1558 Contuli
1747 1526 1914 1558 omnes

234 1583 422 1631 codices
463 1586 663 1645 excepto
694 1583 935 1631 Urbinate
970 1585 1089 1645 125,
1128 1583 1213 1646 qui
1253 1599 1311 1630 ex
1350 1584 1518 1631 eodem
1557 1599 1653 1646 quo
1685 1584 1916 1632 Barberi—

235 1673 327 1705 nus
361 1659 410 1704 et
439 1657 723 1705 Marcianus
763 1659 868 1705 437
910 1658 1047 1706 fonte
1086 1658 1240 1705 fluxit.

349 1731 657 1779 Testimonia
696 1731 886 1779 desunt.

344 1805 537 1852 Primus
563 1806 835 1852 orationem
866 1805 1112 1867 protraxit
1142 1805 1256 1852 Leo
1281 1805 1548 1853 Allatius
1579 1806 1632 1852 in
1658 1805 1914 1867 Excerptis

233 1878 386 1926 variis
419 1878 715 1927 Graecorum
747 1878 1090 1940 Sophistarum
1129 1895 1186 1926 ac
1225 1879 1511 1940 Rhetorum,
1549 1879 1734 1938 Romae
1774 1880 1911 1926 1641

235 1952 381 2000 editis
404 1969 451 2014 p.
473 1954 762 2000 115--124
787 1953 1083 2015 descriptam
1107 1969 1132 2000 e
1158 1952 1320 2001 codice
1344 1952 1632 2014 Barberino,
1654 1952 1728 2000 ita
1751 1954 1919 2000 tamen

233 2028 291 2074 ut
314 2026 771 2081 etiamVaticanum
794 2027 941 2090 gr.81
970 2027 1247 2088 inspiceret,
1265 2043 1289 2075 e
1311 2043 1407 2089 quo
1430 2043 1477 2088 p.
1491 2027 1611 2087 396,
1625 2027 1690 2074 13
1709 2025 1913 2093 θανάτῳ

234 2114 405 2148 vocem
442 2099 495 2147 in
531 2099 620 2148 illo
659 2101 891 2148 omissam
922 2102 972 2147 et
1007 2102 1283 2162 p.397‚20
1322 2097 1385 2148 ἂν
1422 2102 1558 2162 post
1595 2099 1682 2163 ἥδε
1719 2100 1914 2162 petivit.

235 2172 376 2230 Quod
398 2189 514 2222 vero
546 2173 799 2236 inscripsit
828 2172 1066 2240 ἕκφρασιν
1089 2174 1380 2237 Καλανδῶν,
1409 2176 1463 2221 in
1493 2175 1586 2221 hac
1615 2190 1667 2220 re
1692 2173 1915 2221 codicum

234 2248 582 2295 auctoritatem
613 2247 877 2310 dereliquit
907 2248 1137 2310 deceptus
1169 2247 1491 2296 similitudine
1516 2262 1665 2308 quam
1696 2248 1916 2294 oratiun-

235 2321 346 2370 cula
396 2337 506 2369 cum
555 2319 784 2387 ἕκφράσει
833 2321 1091 2370 καλανδῶν
1141 2315 1259 2388 (vol.
1299 2321 1372 2369 IV
1414 2321 1552 2369 1053
1580 2314 1646 2385 R)
1692 2320 1912 2382 praebet.

235 2394 584 2443 Emendationi
616 2395 1007 2457 corruptelarum
1044 2395 1144 2442 fere
1180 2410 1277 2443 non
1310 2410 1509 2457 operam
1540 2394 1690 2454 dedit,
1729 2396 1786 2442 ut
1817 2394 1916 2441 lar-

234 2483 350 2532 gam
398 2483 605 2516 messem
653 2468 954 2530 relinqueret
990 2468 1214 2530 Reiskio,
1264 2469 1349 2531 qui
1396 2468 1594 2516 adiutus
1634 2469 1709 2515 est
1748 2467 1913 2515 codice

235 2541 517 2589 Monacensi
555 2542 872 2606 Augustano,
921 2558 1018 2590 non
1069 2557 1313 2604 nusquam
1361 2544 1528 2589 tamen
1571 2556 1749 2604 parum
1786 2542 1918 2589 recte

235 2630 265 2662 a
302 2615 594 2663 lectionibus
632 2615 812 2663 Allatii
859 2615 1072 2664 recessit.
1149 2615 1402 2664 Nonnulla
1441 2615 1584 2663 acute
1636 2612 1918 2662 observavit

236 2687 464 2736 Sintenis.
550 2686 836 2737 Orationem
886 2706 911 2736 e
959 2691 1101 2750 parte
1150 2691 1203 2736 in
1252 2687 1594 2737 Germanicum
1644 2702 1914 2736 sermonem

233 2761 385 2810 libere
421 2777 615 2810 versam
663 2762 935 2811 illustravit
973 2761 1219 2811 Gustavus
1265 2761 1519 2826 Bilfinger‚
1569 2761 1671 2810 Das
1723 2775 1911 2824 germa-

233 2835 401 2891 nische
438 2835 631 2896 Iulfest,
673 2833 1014 2900 Stuttgardiae
1058 2838 1196 2885 1901
1237 2853 1284 2898 p.
1320 2837 1384 2883 41
1403 2851 1472 2898 sq.
1526 2886 1530 2890 ,
