2090 3162
764 114 990 158 LIBANII
1022 113 1245 158 ORATIO
1278 114 1341 157 XI
1785 114 1893 167 487

205 271 305 305 τον
343 252 408 304 τὰ
446 250 696 319 πατέρων
735 259 991 317 μιμεῖται,
1030 249 1062 318 ἡ
1103 247 1204 317 μὲν
1242 248 1462 303 ἔνδειαν
1502 249 1604 302 οὐκ
1644 248 1786 302 ἐῶσα
1825 257 1899 322 τῷ

206 343 360 412 δήμῳ
391 348 740 409 προσπεσεῖν,
782 340 810 393 ὁ
845 337 904 392 δὲ
944 338 1319 408 ἀντεισφέρων
1350 338 1411 392 ἐν
1442 341 1717 407 τροφείων
1747 337 1893 401 τάξει

204 431 307 498 τὴν
347 430 588 495 εὔνοιαν,
640 427 825 495 ἀλγῶν
863 425 963 494 μὲν
1013 426 1075 480 ἐν
1114 436 1232 490 ταῖς
1281 426 1492 495 ἐκείνης
1540 428 1893 495 δυσθυμίαις,

203 517 269 571 ἐν
310 514 369 570 δὲ
410 525 527 579 ταῖς
567 517 878 585 εὐημερίαις
918 516 990 579 ὡς
1028 517 1261 583 μάλιστα
1301 517 1569 584 γεγηθώς,
1608 526 1894 568 κοινωνῶν

206 604 462 674 ἑκατέρας
516 606 681 675 τύχης
741 604 832 658 καὶ
892 602 1059 658 οὐδὲν
1111 614 1222 657 τῶν
1276 603 1487 673 ἐκείνης
1541 605 1640 673 οὐχ
1695 602 1892 657 ἑαυτοῦ
1940 627 1960 658 5

125 694 130 702 ’
204 696 458 762 νομίζων,
506 696 701 762 ἥδιστα
747 694 817 747 ἂν
855 704 967 747 τῶν
1005 695 1219 747 παίδων
1258 693 1499 756 ἀποστὰς
1544 692 1634 746 ἐπὶ
1680 702 1743 763 τῇ
1783 703 1894 746 τῶν

203 784 566 853 προεστώτων
599 784 852 853 σωτηρίᾳ.
919 782 1037 836 153.
1079 785 1237 851 γνοίη
1278 780 1327 835 δ’
1367 783 1436 835 ἄν
1466 802 1548 845 τις
1578 790 1676 835 τοῦ
1718 783 1894 850 δήμου

205 873 305 925 τὸν
354 874 576 940 τρόπον,
629 873 677 924 εῑ
728 873 828 940 τὴν
875 870 1119 934 ἐξέτασιν
1163 869 1255 923 ἀπ’
1300 871 1484 924 αὐτῶν
1521 879 1733 924 ποιοῖτο
1784 880 1894 923 τῶν

206 962 509 1030 δυσχερῶν.
572 959 606 1012 ἃ
637 961 741 1029 γὰρ
782 958 1001 1030 ᾐτιάθη,
1041 967 1211 1012 ταῦτα
1250 959 1422 1012 αὐτοῦ
1461 960 1561 1028 τὴν
1600 958 1894 1011 ἐπιείκειαν

202 1047 478 1117 ἐμφαίνει,
511 1046 600 1101 καὶ
634 1050 695 1102 τὸ
728 1045 969 1117 ἔγκλημα
1000 1049 1146 1120 αὐτῷ
1171 1049 1238 1100 τὰ
1267 1057 1379 1100 τῶν
1411 1046 1694 1117 ἐγκωμίων
1726 1048 1893 1100 δύνα-
1917 1071 1959 1102 ιο

204 1157 308 1190 ται.
385 1135 573 1205 ἐπειδὴ
624 1138 728 1206 γὰρ
778 1138 944 1189 πόλιν
994 1132 1170 1189 οὖσαν
1209 1134 1320 1190 ἔδει
1365 1156 1417 1189 τι
1463 1137 1552 1189 καὶ
1602 1135 1893 1203 ὑπομεῖναι

202 1235 316 1279 τῶν
370 1225 750 1294 ἐνοχλούντων
803 1227 904 1294 τὴν
958 1234 1078 1294 γῆν,
1132 1226 1234 1294 τὴν
1278 1233 1378 1279 τοῦ
1424 1226 1496 1294 μὴ
1543 1225 1785 1278 κωλύσαι
1830 1226 1891 1278 τὸ

205 1315 442 1383 συμβάν,
484 1314 550 1367 οὐ
590 1315 691 1382 τὴν
729 1321 828 1367 τοῦ
869 1313 1194 1382 δεδρακέναι
1231 1334 1282 1366 τι
1324 1315 1511 1367 δεινὸν
1542 1312 1747 1382 μέμψιν
1779 1313 1892 1366 ἐδέ-

203 1401 348 1465 ξατο.
429 1402 548 1456 154.
600 1403 742 1455 οὕτω
794 1403 962 1471 φύσει
1000 1404 1267 1471 πονηρίας
1312 1402 1630 1471 ἀφεστηκὼς
1675 1416 1892 1470 σωφρο-

203 1493 392 1560 νιστὴς
417 1490 662 1555 ἀξιοῦται
686 1500 798 1543 τῶν
821 1491 1160 1560 κακούργων.
1192 1493 1502 1559 συμβόλαια
1523 1492 1718 1543 τοίνυν
1742 1489 1891 1544 ἐλευ-
1916 1514 1957 1547 15

201 1578 384 1649 θέρως
416 1580 847 1649 συγγράψασθαι
878 1580 967 1632 καὶ
1000 1578 1354 1648 φυλάξασθαι
1383 1588 1587 1642 πιστῶς
1610 1582 1692 1642 τίς
1722 1580 1893 1647 δῆμος

203 1667 367 1736 ἐγγὺς
419 1675 493 1741 τῷ
533 1667 661 1737 παρ’
707 1668 860 1737 ἡμῖν;
938 1676 1128 1738 φωνῆς
1166 1665 1228 1721 δὲ
1264 1670 1426 1730 τόνος
1464 1667 1530 1721 οὐ
1569 1668 1892 1737 παρειμένος

201 1758 343 1826 πρὸς
395 1755 613 1824 ἀηδίαν,
651 1757 894 1823 βάδισμα
933 1753 995 1809 δὲ
1034 1757 1326 1825 εὔσχημον,
1365 1755 1640 1826 ἀμπεχόνη
1685 1753 1746 1810 δὲ
1790 1757 1891 1809 οὐκ

203 1843 648 1966 ἐρραθυμημένη,
679 1846 816 1913 πρὸς
848 1841 910 1898 δὲ
938 1846 1069 1908 τοὺς
1099 1843 1464 1914 ὑπερέχοντας
1495 1843 1721 1912 ὕπειξις,
1751 1847 1890 1914 πρὸς

324 1995 378 2034 15
410 1989 685 2048 συμβόλαια]
718 2006 777 2033 τα
807 1989 884 2034 ἐπὶ
915 1988 1150 2045 ἐκποιήσει
1179 1990 1259 2034 καὶ
1291 1988 1462 2049 δοὶνείφ
1495 1988 1715 2047 γινόμενα
1746 2007 1888 2047 γραμ-

202 2057 366 2106 ματεῖα
408 2046 722 2142 συμβόλαια
755 2051 1026 2093 καλοῦνται·
1069 2048 1100 2092 ἃ
1131 2049 1189 2105 δὴ
1222 2050 1302 2092 καὶ
1333 2050 1688 2106 σημειώματα
1721 2048 1890 2105 ὀνομά-

202 2141 372 2191 ζονται.
441 2119 620 2195 λέγεται
662 2136 714 2182 δὲ
756 2137 836 2180 καὶ
878 2136 936 2181 τὰ
979 2136 1415 2195 συναλλάγματα
1457 2138 1537 2182 καὶ
1587 2137 1645 2182 τὰ
1688 2146 1887 2195 σημεῖα

201 2195 278 2252 (cf.
309 2196 441 2240 Phot.
474 2155 563 2241 lex.
598 2211 631 2240 s.
665 2198 722 2253 v.)
756 2196 841 2240 Mo

322 2333 348 2372 2
380 2336 659 2383 προσπεσεῖν
689 2341 765 2373 om
790 2330 875 2373 Mo
996 2333 1022 2373 6
1054 2329 1132 2374 ἐπὶ
1163 2331 1197 2374 Ι
1222 2329 1303 2373 sed
1333 2328 1405 2374 ’πὶ
1434 2329 1485 2373 in
1515 2343 1590 2373 ras
1621 2329 1699 2374 m'
1767 2330 1818 2375 ἐν
1853 2332 1898 2377 U

265 2392 289 2431 7
321 2386 608 2444 προαστείων
641 2388 726 2433 Mo
761 2388 767 2445 Ι
802 2405 863 2432 αν
893 2387 975 2432 τὸν
1005 2395 1088 2432 τοῦ
1127 2387 1277 2445 δήμου
1314 2386 1490 2444 τρόπον
1523 2389 1607 2434 Mo
1743 2394 1768 2433 9
1801 2391 1891 2463 γὰρ

200 2446 328 2491 inser
351 2445 457 2492 Mo²
547 2452 602 2491 12
625 2453 680 2503 τῆ
714 2453 771 2505 γῆ
809 2448 878 2493 Ul
901 2448 907 2504 Ι
934 2448 1136 2491 κωλῦσαι
1166 2450 1220 2492 ut
1245 2449 1339 2492 M?
1371 2447 1429 2491 cf.
1457 2462 1502 2504 p.
1529 2452 1629 2503 272,
1647 2453 1673 2492 5
1767 2453 1822 2492 13
1845 2447 1891 2493 τί

203 2506 520 2551 ΑΡΙΒΜΜο
639 2511 693 2549 16
718 2504 1039 2564 φυλάξασθαι]
1074 2506 1440 2563 συγγράψασθαι
1467 2507 1532 2552 Ga
1593 2506 1797 2562 φυλάξαι
1820 2507 1888 2551 Re

200 2564 356 2618 Anim,
375 2563 573 2609 fortasse
595 2566 722 2609 reciae
746 2564 850 2608 coll.
867 2564 1004 2608 Isocr.
1022 2565 1232 2609 or.XV11
1248 2570 1304 2609 20
1328 2581 1373 2623 p.
1394 2570 1514 2610 3620
1539 2565 1788 2639 φυλάττειν
1803 2566 1886 2617 τὰς

201 2622 458 2696 συνθηκρις,
493 2625 545 2668 at
573 2623 695 2681 cf.p
700 2628 836 2676 .‚4‘16
855 2628 880 2667 2
1011 2628 1064 2668 1⁷
1096 2632 1190 2669 τῶν
1221 2626 1328 2681 (των
1371 2626 1431 2681 U)
1462 2622 1578 2681 παρ’
1612 2624 1723 2682 ἡμῖν
1754 2625 1889 2683 ἐγγυς

209 2683 286 2728 ΠΙ
337 2686 400 2742 τῷ
430 2682 499 2727 Re
572 2691 665 2728 τῶν
663 2639 806 2727 piibri
836 2682 919 2726 sed
942 2699 969 2726 ν
993 2682 1043 2726 in
1068 2683 1131 2727 M
1157 2697 1354 2738 erasum,
1386 2686 1434 2728 et
1455 2683 1559 2728 Mor
1594 2684 1601 2742 Ι
1644 2685 1730 2728 οὐκ
1760 2685 1886 2729 ἀνει-

201 2740 342 2798 μένος
370 2730 505 2786 ‘BMo
546 2743 595 2786 et
635 2755 776 2799 supra
819 2742 875 2787 οὐ
918 2741 1196 2798 παρειμένος
1227 2745 1290 2787 Μ
1326 2744 1375 2787 et
1415 2759 1470 2800 γρ
1514 2743 1563 2786 in
1604 2756 1738 2800 marg
1771 2743 1886 2797 Mor,

201 2800 402 2846 fortasse
438 2802 564 2844 recte
700 2805 755 2845 18
787 2800 990 2869 βάδισμα
1020 2827 1080 2834 -
1113 2806 1167 2846 19
1198 2800 1398 2854 ὕπειξις
1414 2803 1531 2846 citat
1561 2801 1680 2846 Plan
1716 2801 1795 2846 fol.
1829 2807 1884 2846 99

264 2864 318 2904 18
350 2859 420 2917 δὲ]
455 2859 502 2911 ἐς
529 2858 648 2904 Plan
696 2860 703 2918 1
753 2876 785 2916 μ
813 2859 863 2903 in
893 2857 1132 2943 ἀμπεχόνη
1164 2860 1289 2905 inser
1320 2859 1414 2914 Μ’,
1454 2859 1539 2918 όνη
1570 2860 1620 2904 in
1649 2874 1726 2904 ras
1758 2860 1827 2906 B*

204 2922 259 2962 19
290 2937 319 2964 υ
349 2918 398 2962 in
427 2917 607 2971 ὕπειξις
635 2919 686 2962 in
715 2932 792 2963 ras
826 2917 914 2963 M¹
