2090 3162
268 132 376 184 470
820 131 1045 174 LIBANH
1077 130 1298 174 ORATIO
1331 131 1393 173 XI

178 280 323 323 R305
356 271 517 320 πόλιν
558 267 731 336 ἀφῆκε
771 269 1002 335 γυμνόν,
1044 265 1158 319 ἀλλ’
1209 265 1500 334 ἑλληνίζων
1540 266 1805 320 διετέλεσε
1844 270 1944 336 τὴν

264 358 558 425 βάρβαρον.
626 356 742 407 104.
785 356 851 408 οὐ
890 357 998 423 μὴν
1030 356 1211 421 ὥσπερ
1252 353 1340 407 ἐπὶ
1372 356 1537 425 ταύτῃ
1578 358 1783 419 πολλὰς
1823 356 1944 428 ᾤκι-

265 459 376 510 σεν,
419 445 589 506 οὕτως
629 447 780 497 ἔστιν
820 446 1010 512 εἰπεῖν,
1052 445 1124 505 ὡς
1162 445 1268 511 πρὸ
1302 445 1500 512 ταύτης
1540 442 1728 513 ἑτέραν
1766 444 1944 513 ἔθετο,

264 532 379 584 ἀλλ’
413 534 575 595 αὐτός
607 553 664 585 τε
696 532 941 585 ἐνταῦθα
972 533 1032 584 τὸ
1067 540 1343 600 σκῆπτρον
1376 533 1637 601 ἱδρύσατο
1663 534 1752 586 καὶ
1775 535 1942 604 ταύτῃ

219 644 236 674 5
262 622 395 672 κατὰ
445 631 555 674 τῶν
606 622 787 674 ἄλλων
826 622 885 673 τὸ
939 626 1063 673 ἴσον
1104 622 1322 688 ἔδωκεν,
1375 621 1555 689 ὥσπερ
1605 624 1944 691 θεραπαίνας

193 1087 233 1117 10

189 1529 229 1561 15

261 709 394 779 αὐτῇ
435 711 528 772 τὰς
568 710 733 772 ἄλλας
774 711 1235 779 οἰκοδομούμενος
1273 710 1362 762 καὶ
1399 712 1698 776 βασιλείοις
1728 729 1943 780 πρεπω-

260 798 519 867 δεστέραν
560 797 749 868 ἑτέραν
789 799 889 867 οὐχ
929 799 1088 867 ὁρῶν.

372 886 490 939 105.
541 885 635 939 Ἐν
686 888 960 949 τοιούτοις
1013 888 1207 939 τοίνυν
1262 885 1445 955 ἔργοις
1498 886 1589 939 καὶ
1643 889 1800 954 βιοὺς
1853 890 1942 941 καὶ

259 977 581 1043 τελευτήσας
621 977 721 1028 οὐκ
762 977 839 1038 εἰς
878 975 1255 1044 φαυλοτέρους
1293 976 1392 1028 τὸν
1430 979 1635 1046 κλῆρον
1673 977 1942 1046 παρέπεμ-

257 1074 377 1132 ψεν,
430 1063 545 1116 ἀλλ’
599 1064 810 1132 ἀγαθοί
855 1084 912 1116 τε
964 1063 1015 1127 ἐξ
1067 1063 1297 1131 ἀγαθῶν
1347 1065 1545 1127 πάντες
1591 1062 1806 1133 ἔφυσαν
1851 1068 1941 1119 καὶ

256 1156 544 1221 ζηλοῦντες
584 1151 666 1205 ἀεὶ
705 1155 895 1215 παῖδες
933 1152 1167 1222 πατέρας
1200 1161 1263 1222 τῇ
1296 1172 1352 1205 τε
1385 1153 1518 1223 ἄλλῃ
1562 1152 1653 1206 καὶ
1693 1161 1766 1226 τῷ
1801 1156 1939 1223 πρὸς

255 1242 354 1309 τὴν
397 1244 562 1294 πόλιν
611 1239 771 1311 ἔρωτι
822 1243 1225 1310 διεδείχθησαν.
1306 1241 1424 1293 106.
1477 1241 1695 1304 ἐπιστὰς
1742 1240 1802 1295 δὲ
1853 1242 1937 1295 ἐπὶ

253 1331 319 1382 τὰ
357 1331 569 1383 τούτων
600 1328 733 1399 ἔργα
771 1329 861 1383 καὶ
900 1329 1120 1397 βλέπων
1152 1330 1332 1399 ὥσπερ
1374 1332 1433 1383 ἔκ
1471 1350 1622 1393 τινος
1661 1341 1939 1400 περιωπῆς

253 1417 314 1470 ἐν
363 1419 544 1490 κύκλῳ
596 1420 697 1487 τὴν
747 1418 1133 1489 ἀνδραγαθίαν
1179 1418 1409 1472 ἑκάστου
1459 1420 1583 1472 οὔτε
1631 1420 1731 1488 τὴν
1778 1421 1939 1488 σιγὴν

254 1509 475 1560 δικαίαν
522 1507 762 1576 ἡγοῦμαι
811 1517 923 1560 τῶν
973 1507 1182 1575 ἀρετῶν
1232 1508 1360 1559 οὔτε
1409 1509 1512 1576 τὴν
1561 1507 1840 1577 ἀφήγησιν
1879 1508 1940 1562 ἐν

254 1596 493 1667 δυνατῷ·
533 1597 593 1648 τὸ
625 1592 726 1664 μὲν
758 1596 861 1666 γὰρ
902 1596 1239 1662 βλάπτοντος
1277 1594 1346 1647 ἂν
1386 1601 1468 1663 εἴη
1510 1597 1640 1658 τούς
1678 1616 1734 1649 τε
1774 1596 1936 1666 ἀρχη-

254 1683 411 1751 γέτας
447 1685 538 1737 καὶ
577 1685 676 1737 τὸν
723 1686 969 1751 ἔπαινον,
1015 1685 1075 1736 τὸ
1123 1681 1182 1736 δὲ
1222 1687 1406 1752 μεῖζον
1444 1683 1476 1752 ἢ
1517 1685 1722 1752 <κατὰ>
1760 1687 1935 1738 πολλὰ

250 1918 289 1961 Π
335 1860 554 1977 β1ἓ8181ηο,
582 1860 639 1902 de
670 1872 806 1903 mere.
834 1859 966 1903 cond.
995 1863 1062 1902 15.
1091 1873 1216 1902 conv.
1240 1863 1290 1902 11
1416 1863 1469 1902 17
1495 1859 1628 1902 Pind.
1654 1859 1785 1904 Nem.
1812 1859 1852 1902 X
1878 1864 1932 1927 35

294 1954 301 1961 .
497 1934 564 1974 sq.

370 2087 393 2125 1
426 2079 637 2139 ἑλληνίζω
678 2081 733 2124 οὐ
773 2080 919 2137 μόνον
952 2081 1060 2136 ἐγώ,
1101 2080 1214 2124 ἀλλὰ
1253 2081 1333 2124 καὶ
1365 2080 1503 2125 ἄλλον
1535 2080 1778 2137 ἑλληνικῶς
1809 2081 1930 2139 ἔχειν

248 2147 365 2184 ποιῶ
398 2140 482 2197 B²j
516 2163 571 2177 =
597 2141 757 2184 Thom.
784 2140 844 2184 M.
870 2139 899 2182 l.
926 2139 973 2196 l.)

369 2308 391 2345 1
435 2301 675 2358 ἑλληνίζων
707 2329 764 2334 -
796 2307 821 2344 2
855 2300 1092 2359 βάρβαρον
1133 2301 1249 2345 citat
1281 2301 1440 2345 Thom.
1473 2301 1533 2344 M.
1569 2317 1602 2344 s.
1635 2316 1677 2344 v.
1720 2299 1930 2358 ἑλληνίζω

248 2375 293 2416 p.
320 2365 418 2414 161,
439 2361 548 2405 lOR
608 2362 669 2412 ὡς
693 2360 716 2405 ὃ
742 2360 881 2410 αὐτὸς
902 2359 1155 2418 (Λίβάνιος)
1181 2360 1230 2404 ἐν
1254 2364 1317 2420 τῷ
1342 2361 1467 2420 αὐτῷ
1489 2359 1606 2420 λόγῳ
1633 2358 1930 2420 (Ἀντιοχικῷ)

308 2424 335 2463 4
367 2421 454 2464 αὐτ
483 2420 546 2464 ’τε
578 2434 684 2464 cum
714 2433 876 2464 rasura
900 2424 925 2461 2
949 2419 1213 2463 litterarum
1245 2419 1288 2463 U
1325 2422 1332 2476 Ι
1373 2419 1424 2463 τὸ
1458 2426 1690 2476 σκῆπτρον
1723 2420 1930 2464 ἐνταῦθα

258 2478 332 2523 UI
456 2483 481 2522 5
514 2478 617 2524 ἴσον
657 2493 712 2522 ex
752 2475 852 2523 ἴσον
892 2492 994 2522 corr
1023 2480 1057 2526 I
1127 2474 1227 2523 ἴσον
1266 2478 1315 2521 in
1355 2477 1456 2522 ἴσον
1495 2491 1597 2522 corr
1620 2478 1688 2523 A²
1763 2478 1933 2534 κράτος

249 2537 425 2582 ΒΜΟα
575 2543 629 2582 10
660 2554 707 2582 τε
746 2538 826 2581 καὶ
866 2535 911 2590 ἐξ
946 2539 977 2580 Ι
1123 2541 1174 2580 11
1219 2542 1274 2592 τῆ
1315 2552 1363 2581 τε
1408 2536 1518 2593 ἄλλη
1561 2550 1702 2594 supra
1743 2544 1840 2589 τοῖς
1883 2553 1930 2582 τε

159 2617 163 2625 -
249 2595 402 2647 ἄλλοις
424 2595 482 2640 1²
539 2604 637 2648 τοῖς
659 2613 706 2642 τε
730 2597 884 2646 ἄλλοις
915 2597 959 2641 U
976 2597 1024 2639 et
1050 2595 1100 2639 in
1122 2609 1257 2653 marg
1282 2594 1389 2640 Mo²
1510 2601 1563 2639 12
1597 2593 1930 2653 διεδείχθησαν

250 2701 313 2744 Μ
339 2699 438 2756 (sed
470 2714 490 2742 ε
523 2713 663 2755 supra.
687 2715 728 2743 ει
752 2713 836 2743 scr.
861 2698 948 2755 κη’)
1011 2670 1323 2757 διεδεζχθησαν
1350 2698 1387 2743 Ο
1444 2697 1756 2756 διεδέχθησαν
1780 2700 1815 2742 Ι
1830 2697 1930 2755 (sed

247 2759 301 2801 δε
346 2757 396 2801 in
439 2772 516 2802 ras
561 2757 647 2815 111¹)
687 2760 772 2803 Mo
812 2758 912 2815 (sed
953 2773 993 2802 ει
1036 2771 1263 2814 suprascr.
1294 2756 1380 2814 m’)
1423 2758 1527 2801 διεδ
1556 2760 1742 2816 χθησαν
1777 2757 1842 2802 Ga

250 2821 304 2860 12
345 2816 532 2868 ἐπιστὰς
563 2843 617 2849 —-
650 2821 758 2872 471,
786 2822 808 2860 1
853 2815 1066 2874 μέγιστον
1113 2817 1230 2873 citat
1266 2816 1384 2859 Plan
1426 2815 1505 2859 fol.
1542 2821 1624 2860 103
1784 2821 1839 2858 14
1878 2815 1928 2860 ἐν

249 2875 398 2935 κύκλῳ
422 2875 548 2919 inser
570 2877 603 2919 I
610 2875 627 2900 ³
740 2880 796 2920 16
818 2873 900 2920 τόν
922 2891 971 2920 τε
996 2874 1251 2934 ἀρχηγέτην
1275 2874 1377 2918 Mor
1492 2879 1543 2919 17
1569 2876 1678 2926 τοὺς
1707 2871 1930 2924 ἐπαίνους

246 2932 316 2978 Re
354 2935 361 2990 Ι
398 2933 517 2979 κατὰ
551 2933 727 2978 inserui
758 2935 948 2979 auctore
978 2935 1046 2977 Re
