2090 3162
239 116 347 168 520
790 115 1015 158 LIBANH
1048 115 1269 159 ORATIO
1303 116 1364 158 XI

238 251 450 319 θέλγει,
502 253 560 303 τὸ
611 247 669 302 δὲ
718 249 1021 318 ἐκπλήττει,
1073 251 1161 303 καὶ
1207 252 1267 303 τὸ
1315 248 1414 319 μὲν
1461 251 1695 320 κατέχει,
1745 253 1804 304 τὸ
1853 250 1915 305 δὲ

238 340 524 392 ἐπισπᾶται
564 337 654 390 καὶ
692 338 1039 407 περικέχυται
1077 347 1191 401 τοῖς
1237 339 1549 408 ὀφθαλμοῖς
1590 341 1728 408 αὐγὴ
1766 359 1917 410 περι-

240 428 552 496 στρέφουσα
593 429 690 480 τὸν
729 430 954 495 θεατήν,
984 426 1322 490 Ἀπόλλωνος
1364 429 1532 496 ἱερόν,
1571 431 1709 491 Διὸς
1750 430 1917 497 ἱερόν,

240 518 467 568 στάδιον
508 515 855 584 Ὀλυμπικόν,
905 515 1146 585 θέατρον
1193 516 1401 585 ἁπάσης
1440 516 1701 587 τέρψεως,
1747 536 1918 571 κυπα-

195 627 212 657 5
239 608 434 674 ρι’ττων
473 608 688 672 πλῆθος
726 605 815 657 καὶ
854 605 1023 673 πάχος
1062 606 1150 657 καὶ
1199 605 1362 673 ὕψος,
1412 605 1642 675 ἀτραποὶ
1691 609 1921 675 σκιεραί,

239 691 391 761 χοροὶ
441 702 722 761 μουσικῶν
761 693 1026 761 ὀρνίθων,
1077 700 1292 760 πνεῦμα
1333 694 1657 764 σύμμετρον,
1706 695 1918 765 ἀρωμά-

236 802 346 834 των
400 782 591 849 ἡδίους
647 781 832 850 ὀσμαί,
894 780 1203 850 καταγωγαὶ
1259 784 1475 852 σεμναί,
1537 783 1787 852 ἡμερίδες
1841 785 1920 846 εἰς

239 870 523 939 ἀνδρῶνας
562 869 843 939 ἕρπουσαι,
871 869 1120 922 Ἀλκίνου
1160 878 1339 938 κῆποι,
1379 871 1610 940 τράπεζα
1641 874 1921 940 Σικελική,

239 958 397 1027 κέρας
430 957 776 1027 Ἀμαλθείας,
814 959 1131 1027 πανδαισιά,
1172 960 1436 1028 Σύβαρις.
1513 961 1751 1029 λουτρὸν
1792 957 1852 1012 δὲ
1892 960 1922 1012 ὅ

174 1068 214 1099 10
238 1067 288 1099 τι
328 1045 396 1099 ἂν
435 1048 736 1115 προκρίνας
775 1047 967 1116 λούσῃ,
1006 1047 1066 1098 τὸ
1107 1045 1461 1115 χαριέστερον
1494 1059 1582 1100 σοι
1619 1057 1921 1117 παρῶπται.

240 1135 361 1187 237.
403 1135 546 1187 οὕτω
582 1131 641 1187 δὲ
675 1135 703 1188 ὁ
737 1144 911 1205 χῶρος
944 1134 1139 1203 ἀμύνει
1173 1135 1437 1202 σώμασιν,
1470 1134 1595 1188 ὥστ’
1627 1135 1695 1203 ἢν
1725 1137 1923 1206 μικρὸν

239 1223 592 1293 ἐνδιατρίψας
624 1221 884 1297 ἀπέλθῃς,
918 1223 1286 1292 εὐχροώτερος
1318 1224 1455 1276 ἄπει.
1518 1221 1811 1293 ἐρωτηθεὶς
1844 1224 1922 1293 δέ,

240 1312 345 1384 ὅτῳ
400 1313 631 1379 μάλιστα
686 1310 994 1379 ἐγανώθης,
1051 1311 1351 1380 ἀπορήσαις
1398 1312 1478 1364 ἄν.
1558 1311 1700 1364 οὕτω
1746 1313 1925 1366 πάντα

240 1399 522 1469 ἐφάμιλλα.
585 1400 766 1462 πάθος
801 1400 860 1452 δὲ
893 1400 1060 1452 οὐδὲν
1092 1399 1266 1462 οὕτως
1300 1401 1526 1470 ἰσχυρὸν
1552 1400 1683 1454 οὐδὲ
1714 1402 1923 1470 ἄμαχον

174 1511 214 1542 15
240 1486 370 1542 οὐδὲ
410 1487 668 1556 ἔμμονον,
709 1489 841 1558 ὅπερ
882 1489 985 1541 οὐκ
1023 1487 1093 1541 ἂν
1133 1487 1435 1551 ἐξελάσειεν
1473 1489 1505 1557 ἡ
1538 1489 1759 1559 Δάφνη,
1800 1488 1918 1543 ἀλλ’

244 1579 351 1644 ἅμα
391 1597 447 1630 τε
487 1582 801 1647 προσῆλθες
839 1583 912 1648 τῷ
946 1578 1092 1648 τόπῳ
1132 1575 1223 1629 καὶ
1253 1579 1315 1630 τὸ
1348 1581 1565 1630 λυποῦν
1597 1577 1924 1646 ἀπελήλυθε.
2000 1577 2013 1617 s*

151 1679 193 1722 R
214 1683 297 1723 352
331 1666 454 1719 θεοὶ
481 1663 540 1718 δὲ
565 1671 716 1735 εἴπερ
743 1668 915 1728 ὄντως
940 1665 1182 1734 οὐρανὸν
1207 1664 1436 1734 ἀφέντες
1459 1666 1534 1728 εἰς
1569 1663 1574 1735 Ι
1610 1674 1715 1734 γῆν
1738 1669 1925 1736 ἔρχον-

360 1859 386 1898 8
420 1855 501 1898 Od.
537 1872 564 1910 η
601 1859 683 1897 114
706 1869 770 1910 sq.

363 2051 388 2090 9
419 2046 512 2090 Τὸν
530 2044 625 2089 Δία
659 2042 771 2103 αἶγά
803 2060 920 2102 φασι
950 2043 1132 2102 θρέψαι
1162 2043 1440 2102 Ἀμαλθείαν
1466 2045 1727 2103 λεγομένην,
1757 2045 1928 2102 ταύτης

243 2106 293 2150 δὲ
325 2106 378 2149 τὸ
419 2105 573 2158 δεξιὸν
606 2104 744 2160 κέρας
782 2105 940 2163 βρύειν
971 2105 1055 2161 τὴν
1087 2102 1388 2162 παγκαρπίαν
1420 2104 1523 2160 ἤτοι
1560 2112 1657 2148 πᾶν
1697 2104 1926 2160 αἰσθητὸν

244 2165 431 2222 ἀγαθὸν
464 2163 684 2219 ἄφθονον
718 2164 857 2221 ἔχειν·
893 2164 986 2208 ἀπὸ
1017 2164 1183 2207 τούτου
1215 2163 1370 2207 πάντα
1400 2164 1482 2208 τὸν
1507 2162 1791 2219 εὐδαιμόνως
1822 2162 1925 2208 διά-

244 2240 384 2281 γοντα
415 2223 466 2267 τὸ
499 2229 579 2279 τῆς
606 2220 882 2279 Ἀμαλθείας
914 2223 1033 2282 ἔχειν
1065 2221 1203 2278 κέρας
1235 2220 1380 2280 φασίν
1405 2222 1474 2267 Β2

363 2404 388 2442 2
423 2399 542 2456 αὐγὴ
583 2399 749 2457 scripsi
781 2412 836 2442 ex
877 2400 1168 2445 UIMBCaP
1197 2399 1278 2443 sed
1316 2399 1366 2443 in
1404 2399 1492 2442 hoe
1521 2398 1592 2442 m²
1620 2399 1670 2442 in
1707 2412 1868 2443 rasura
1899 2402 1925 2442 6

245 2459 342 2502 fere
372 2458 635 2502 litterarum
697 2458 870 2516 ἀλλαγὴ
899 2458 1070 2514 reliqui
1100 2459 1210 2502 libri
1234 2459 1325 2502 edd
1386 2459 1557 2517 ἀλλαχῆ
1582 2458 1713 2513 Plan,
1744 2460 1798 2501 ut
1821 2457 1926 2501 coni

245 2561 347 2605 Mor
389 2566 394 2616 Ι
437 2532 779 2617 δτῗοῖἀτρέφουσα
809 2562 855 2605 A
937 2559 1305 2618 περιστρέφοντα
1334 2560 1452 2605 Plan
1492 2562 1538 2604 et
1575 2561 1643 2604 Re
1666 2561 1806 2604 Anim
1844 2559 1926 2616 qui

246 2620 445 2664 coniecit
475 2619 588 2663 ἄλλα
627 2621 799 2678 ἀλλαχῆ
838 2619 1204 2676 περιστρέφοντα
1331 2624 1356 2663 3
1389 2618 1570 2664 ἀπόλλω
1603 2620 1733 2665 ΑΟΡ
1761 2619 1843 2662 sed
1873 2619 1923 2662 in

244 2679 332 2723 hoo
372 2695 452 2730 νος
492 2693 632 2735 supra,
664 2697 699 2723 ω
730 2679 801 2722 m³
850 2683 854 2733 Ι
904 2678 1018 2728 Διὸς
1057 2678 1183 2734 ἱερὸν
1214 2693 1289 2723 om
1320 2679 1366 2723 B
1501 2683 1526 2722 5
1559 2678 1746 2734 σκιαραὶ
1777 2678 1864 2722 Mo

248 2743 272 2782 6
305 2754 386 2793 ορο
417 2739 466 2781 in
496 2738 628 2795 χοροὶ
659 2737 707 2781 in
737 2751 814 2781 ras
844 2737 903 2781 12
1023 2742 1047 2780 7
1078 2735 1224 2794 ἡδίων
1257 2737 1371 2794 ὀσμὴ
1403 2737 1718 2793 suprascripta.
1749 2734 1848 2787 ιὀυς
1877 2737 1926 2780 et
1986 2777 1993 2783 .

247 2797 297 2840 αὶ
328 2810 459 2840 erasa,
489 2797 525 2840 I
649 2801 674 2839 9
707 2796 900 2852 λουτρὸν
933 2822 987 2828 -
1022 2801 1078 2840 10
1108 2803 1356 2852 παρῶπται
1387 2795 1504 2840 citat
1532 2796 1651 2840 Plan
1680 2795 1758 2839 fol.
1786 2799 1866 2838 99v

250 2859 303 2898 10
335 2858 494 2899 λοῦσαι
518 2853 635 2898 Plan
772 2859 823 2898 11
859 2854 900 2899 εἰ
924 2857 985 2899 Μ
1117 2859 1182 2898 12
1202 2853 1428 2906 ἀπέλθοις
1451 2855 1514 2897 Μ
1537 2857 1543 2910 Ι
1571 2853 1874 2911 εὐχρωότερος
1893 2852 1930 2896 Ι

309 2918 362 2956 16
394 2916 631 2969 προσῆλθε
657 2914 862 2958 ΙΒΜΟα
933 2911 1210 2969 προσέλθοις
1232 2914 1301 2958 Re
1423 2917 1476 2956 17
1509 2913 1724 2969 ἀφιέντες
1752 2912 1864 2956 IMo
