2090 3162
716 117 942 160 LIBANH
973 116 1195 160 ORATIO
1229 117 1290 160 XI
1734 118 1838 170 507

165 252 254 304 καὶ
286 252 582 320 προελθὼν
613 253 685 314 ὡς
724 251 811 305 ἐπὶ
851 253 911 304 τὸ
953 256 1210 305 πλεῖστον
1240 254 1419 321 τεμὼν
1458 251 1653 305 ἑαυτὸν
1691 271 1841 321 περι-

162 340 349 408 βάλλει
393 341 453 391 τὸ
502 343 706 410 χωρίον
743 339 832 393 καὶ
881 340 1126 409 ἀπέφηνε
1171 344 1517 411 περίρρυτον.
1593 340 1683 394 καὶ
1721 352 1842 394 τοῖν

160 428 416 496 ῥείθροιν
461 430 522 481 τὸ
574 430 675 497 μὲν
725 429 935 498 ἀμφοῖν
979 439 1102 482 ταῖν
1148 432 1364 501 πόλεων
1415 430 1584 498 μέσον
1634 429 1840 498 ὁρᾶται,

161 518 221 569 τὸ
264 515 310 568 δ’
360 515 445 569 ἐπὶ
485 518 694 587 θάτερα
743 526 838 586 τῆς
887 516 1013 580 νεάς
1062 519 1252 571 κατιὸν
1298 520 1429 587 μετὰ
1480 520 1578 586 τὴν
1616 521 1842 586 ποίησιν
1888 541 1909 571 4

160 613 256 673 τῆς
287 606 461 673 νήσου
494 607 593 659 τὸν
623 608 800 675 πόρον
833 607 1132 675 συμβάλλει
1165 606 1255 659 καὶ
1286 609 1579 675 καθίστησι
1615 610 1620 674 l
1656 608 1753 659 τὸν
1785 619 1823 661 R
1845 623 1930 663 340

159 694 405 760 ποταμὸν
447 699 570 746 ἴσον
607 702 681 766 τῷ
722 694 857 763 πρὶν
896 696 1198 764 διαστῆναι.
1274 695 1396 747 204.
1445 697 1629 765 μορφὴ
1679 696 1739 747 δὲ
1777 703 1840 765 τῇ

161 780 259 852 νέᾳ
307 783 475 852 ταύτῃ
526 784 760 845 κύκλιος.
838 792 1009 835 κεῖται
1060 781 1160 852 μὲν
1210 785 1313 853 γὰρ
1367 783 1428 836 ἐν
1477 784 1647 855 πεδίῳ
1696 792 1842 836 πᾶσα

160 870 418 940 ἀκριβῶς,
480 880 656 940 τεῖχος
711 873 771 924 δὲ
826 872 998 940 αὐτὴν
1054 872 1287 941 ἀρραγὲς
1342 873 1501 940 δίκην
1563 872 1840 939 στεφάνου

160 965 394 1029 περιθεῖ.
473 959 530 1012 ἐκ
582 957 642 1012 δὲ
693 960 908 1023 ἀψίδων
948 962 1220 1030 τεττάρων
1259 960 1519 1028 ἀλλήλαις
1570 973 1842 1029 συνηρμο-

161 1047 376 1115 σμένων
416 1050 493 1110 είς
530 1049 876 1118 τετράγωνον
914 1051 1089 1101 τύπον
1127 1050 1308 1118 ὥσπερ
1350 1048 1403 1112 ἐξ
1445 1050 1698 1118 ὀμφαλοῦ
1730 1048 1843 1101 τέτ-
1869 1071 1910 1102 ιο

158 1157 318 1206 ταρες
350 1146 530 1190 στοῶν
564 1141 816 1206 συζυγίαι
849 1137 977 1190 καθ’
1009 1137 1240 1190 ἕκαστον
1262 1146 1442 1206 τμῆμα
1465 1145 1564 1190 τοῦ
1598 1137 1842 1206 οὐρανοῦ

158 1224 433 1293 τέτανται,
488 1219 611 1278 οἷον
664 1224 726 1278 ἐν
775 1224 1114 1289 ’Λπόλλωνος
1166 1226 1510 1295 τετράχειρος
1563 1224 1843 1292 ἀγάλματι.

161 1314 267 1367 2οῦ
299 1315 514 1366 τούτων
545 1312 606 1367 δὲ
639 1315 694 1366 αἱ
727 1314 828 1383 μὲν
851 1323 997 1383 τρεῖς
1029 1317 1281 1383 συζυγίαι
1313 1313 1469 1384 μέχρι
1500 1321 1599 1366 τοῦ
1630 1315 1843 1381 τείχους

158 1407 540 1471 προελθοῦσαι
579 1410 653 1475 τῷ
698 1405 969 1474 περιβόλῳ
1010 1403 1406 1470 συνάπτονται,
1445 1402 1477 1469 ἡ
1519 1402 1580 1454 δὲ
1616 1403 1840 1470 τετάρτη

162 1491 470 1560 βραχυτέρα
509 1491 625 1560 μέν,
665 1494 906 1544 καλλίων
938 1492 999 1544 δὲ
1039 1491 1174 1544 ὅσον
1204 1490 1529 1561 βραχυτέρα,
1571 1483 1693 1543 οἷον
1728 1500 1844 1551 τοῖς
1867 1513 1909 1544 15

164 1582 465 1648 βασιλείοις
497 1580 739 1647 ἐγγύθεν
764 1579 1108 1648 ἐφορμοῦσιν
1133 1580 1343 1650 ἀπαντᾷ
1376 1578 1671 1647 γιγνομένη
1706 1578 1844 1647 [τοῖς

160 1669 482 1737 βασιλείοις]
523 1668 710 1731 αὐτοῖς
749 1667 871 1721 ἀντὶ
910 1671 1283 1738 προπυλαίων.
1346 1668 1469 1720 206.
1510 1667 1647 1720 αὐτὰ
1687 1664 1747 1719 δὲ
1779 1668 1844 1719 τὰ

158 1759 409 1824 βασίλεια
447 1758 740 1826 κατείληφε
779 1754 879 1823 μὲν
899 1765 1013 1826 ,τῆς
1051 1759 1224 1825 νήσου
1264 1764 1551 1823 τοσοῦτον,
1590 1756 1728 1808 ὥστε
1768 1756 1845 1817 εἰς

160 1844 420 1915 τέταρτον
465 1844 629 1914 μέρος
667 1853 763 1913 τῆς
810 1845 939 1913 ὅλης
977 1849 1168 1898 τελεῖν.
1245 1852 1343 1898 τοῦ
1391 1843 1561 1913 μέσου
1603 1844 1731 1914 γάρ,
1779 1843 1845 1896 ὃν

280 1995 305 2033 6
324 2005 390 2046 sq.
426 1991 481 2033 cf.
508 1990 643 2034 Arch.
670 1990 829 2034 Jahrb.
856 1990 941 2033 XII
969 1995 1052 2034 116
1071 2004 1136 2046 sq.
1270 1994 1296 2033 8
1329 1989 1462 2032 Dion.
1495 1989 1594 2032 Per.
1632 1993 1742 2032 1006

283 2129 304 2166 1
341 2124 684 2168 ἐπιτοπλεῖστον
711 2126 816 2168 ΜΒ
937 2128 962 2166 2
997 2125 1159 2167 acutus
1192 2135 1331 2179 supra
1362 2139 1378 2165 ι
1411 2125 1458 2166 et
1489 2138 1574 2176 ρρυ
1604 2122 1655 2164 in
1686 2119 1843 2176 περίρ-

162 2198 301 2238 ρυτον
341 2182 390 2225 in
428 2197 503 2226 ras
534 2183 591 2227 1²
681 2198 787 2238 περι
847 2198 959 2226 υτον
999 2196 1103 2226 cum
1142 2195 1303 2226 rasura
1341 2186 1367 2224 3
1407 2181 1670 2224 litterarum
1718 2181 1760 2224 U

162 2281 437 2340 περίρρυτον
478 2288 521 2342 (ν
553 2300 628 2330 om
661 2288 761 2343 Mo)
800 2293 936 2329 τοῦτο
972 2285 1231 2329 ΜΒΜοΟα
1256 2257 1310 2298 γρ
1345 2241 1648 2340 ἔξὲίρέῧῖτὶόῖιν
1668 2282 1842 2326 Matrit.

163 2343 208 2386 N
242 2347 295 2387 78
327 2343 405 2388 fol.
442 2349 520 2388 ‘76v
594 2346 701 2400 περὶ
738 2351 904 2388 τοῦτον
939 2345 1066 2388 CAP
1107 2344 1185 2388 sed
1230 2345 1278 2387 in
1322 2344 1407 2387 hoc
1439 2360 1466 2387 ν
1508 2342 1556 2386 in
1599 2357 1674 2386 ras
1716 2341 1786 2385 m²

161 2399 412 2458 περίρρουν
442 2404 544 2448 Mor
618 2401 896 2459 περίρρυτον
928 2403 995 2446 Re
1132 2408 1157 2447 3
1190 2419 1269 2446 αιν
1304 2402 1352 2445 in
1391 2409 1496 2445 ταῖν
1527 2402 1576 2445 in
1608 2415 1683 2445 ras
1715 2401 1786 2446 P²

164 2479 199 2505 ω
242 2475 382 2518 supra
424 2480 474 2507 αι
519 2463 579 2508 G⁸
658 2470 760 2507 τοῖν
801 2462 1063 2506 ΜΒΜοΟα
1144 2469 1235 2506 τῶν
1282 2462 1326 2506 U
1369 2461 1375 2519 Ι
1423 2459 1602 2528 πόλεων
1651 2460 1808 2527 Ulca·

162 2517 350 2565 πόλεσιν
377 2523 461 2567 Mo
531 2521 720 2566 πολέσιν
753 2523 889 2565 acuto
922 2534 1063 2577 supra
1094 2537 1120 2564 ο
1152 2534 1282 2564 eraso
1307 2521 1352 2564 B
1479 2523 1506 2563 6
1530 2518 1551 2535 '¹
1582 2534 1631 2562 m
1663 2519 1765 2564 ἴσον
1795 2530 1845 2562 m

163 2579 380 2695 ῑιῖῗλαΡῬ
405 2581 412 2638 Ι
438 2580 468 2638 ὴ
490 2581 539 2624 in
563 2581 719 2638 μορφὴ
742 2581 791 2624 in
814 2594 890 2624 ras
916 2579 986 2623 P*
1045 2586 1202 2638 μορφῇ
1228 2579 1401 2624 MBGa
1493 2583 1516 2621 7
1541 2578 1707 2629 κύκλος
1730 2578 1815 2622 Mo
1835 2579 1839 2635 Ι

164 2689 292 2726 πᾶσα
317 2685 380 2728 Μ
447 2683 569 2740 μάλα
603 2685 668 2729 Ca
700 2683 782 2728 sed
813 2683 863 2726 in
893 2696 1027 2740 marg
1057 2699 1112 2741 γρ
1143 2689 1271 2727 πᾶσα
1392 2686 1419 2725 8
1443 2683 1535 2741 βῶς
1564 2681 1614 2725 in
1645 2681 1846 2738 ἀκριβῶς

166 2741 216 2785 in
239 2754 314 2784 ras
341 2742 399 2787 0·
491 2747 546 2786 10
561 2743 708 2787 τύπον
725 2757 800 2787 om
818 2743 903 2787 Mo
922 2742 927 2799 Ι
947 2758 998 2786 ττ
1022 2741 1071 2785 in
1093 2740 1304 2799 τέτταρες
1325 2741 1374 2784 in
1398 2754 1472 2785 ras
1488 2740 1547 2785 1²
1642 2745 1694 2783 11
1713 2743 1844 2792 συζυ-

164 2798 266 2858 γίαι
289 2801 484 2845 στοῶνΙ
569 2806 623 2846 16
648 2816 707 2846 σα
731 2814 871 2858 supra
894 2815 969 2846 σιν
993 2801 1043 2844 in
1067 2801 1350 2857 ἐφορμοῦσιν
1366 2800 1425 2844 Μ
1436 2799 1454 2825 ²
1480 2801 1487 2856 Ι
1514 2800 1701 2860 ἀπαντᾷ
1717 2798 1786 2842 Re

165 2859 354 2904 ἅπαντα
376 2859 486 2903 libri
507 2859 611 2904 Mor
643 2862 650 2917 Ι
684 2858 904 2918 γινομένη
927 2861 1043 2905 ΙΜο
1069 2860 1076 2918 Ι
1109 2867 1208 2911 τοῖς
1231 2857 1479 2918 βασιλείοις
1501 2857 1768 2910 canceuavi,
1793 2858 1846 2901 ut

166 2918 511 2975 cireumpunxit
532 2920 568 2963 I
646 2923 700 2963 18
715 2935 765 2964 τε
780 2919 830 2962 in
847 2917 959 2963 ὥστε
975 2919 1025 2962 in
1040 2932 1115 2963 ras
1128 2918 1186 2962 1²
1271 2922 1323 2962 19
1343 2916 1416 2976 ὃν]
1441 2916 1465 2962 ὃ
1479 2923 1499 2962 ⁶?
1554 2915 1580 2962 ὃ
1595 2917 1676 2961 τὸν
1689 2915 1846 2960 Gasda
