2090 3162
199 143 309 194 330
743 142 969 185 LIBANII
1001 142 1342 186 ORATIONES

195 284 247 329 in
301 283 647 330 bibliothecam
693 282 1032 344 Apostolicam
1085 283 1255 330 illatus
1304 277 1444 349 sibl),
1498 285 1740 331 incertum
1789 286 1876 343 est,

196 358 416 403 eontinet

306 430 388 477 fol.
435 433 459 477 1
503 429 644 494 λόγος
684 429 971 494 ἰσοκράτους
1009 429 1130 495 πρὸς
1169 429 1440 493 δημόνικον

379 505 408 550 8
472 504 699 567 λιβανίου
739 503 957 566 μονωδία
997 501 1074 551 ἐπὶ
1113 504 1400 567 νικομηδεία

345 580 411 625 10
475 575 662 640 μελέται
686 577 932 641 λιβανίου·
957 576 1266 643 πραγματικὴ
1292 577 1529 637 δύσκολος
1553 578 1711 643 γήμας
1728 578 1875 627 λάλον

345 653 409 698 17
475 650 725 716 φθονερὸς
763 658 848 700 τοῦ
888 651 1102 716 γείτονος
1141 650 1293 700 αὐτοῦ
1332 652 1694 716 πλουτήσαντος

344 726 438 772 26γ
475 725 627 788 νόμος
665 724 749 774 τὸν
788 724 993 790 εὑρόντα
1030 725 1290 791 θησαυρὸν

283 803 286 806 ’
344 800 410 846 35
475 797 709 864 ἔκφρασις
749 797 919 862 μέθης.

343 872 445 920 Fol.
485 874 550 920 36
592 874 768 934 incipit
808 874 963 921 altera
1001 889 1196 920 manusv

474 944 809 1012 ἀντιρρητικὸς
832 946 954 1011 πρὸς
978 946 1061 996 τὸν
1093 945 1366 1012 ἀριστείδου
1398 945 1626 996 ὀδυσσέα·
1659 945 1876 1013 ἀχιλλεύς

346 1022 413 1068 50
474 1018 764 1086 ἀφαιρεθεὶς
803 1019 1022 1084 ἀχιλλεὺς
1061 1021 1316 1085 βρισηίδος

344 1096 408 1142 62
474 1094 525 1142 οἱ
559 1094 864 1143 ποτιδαιάται
904 1093 1123 1158 ἀλλήλων
1164 1093 1420 1160 ἐγεύσαντο

345 1170 438 1214 72Τ
477 1166 529 1216 ἐν
568 1169 788 1234 κορίνθω
827 1166 1024 1234 γέγονεν

344 1243 412 1289 80
474 1241 626 1305 νόμος
664 1241 717 1291 ἐν
755 1242 1066 1306 λακεδαίμονι
1105 1242 1190 1292 τὸν
1229 1242 1341 1291 εἴσω
1381 1239 1421 1290 λ’
1460 1242 1580 1292 ἐτῶν

343 1316 409 1363 85
473 1315 624 1379 νόμος
663 1315 747 1364 τὸν
786 1315 1013 1382 θορύβου

341 1391 405 1437 92
469 1389 621 1453 νόμος
658 1389 743 1440 τὸν
782 1390 940 1449 ξενίας
978 1387 1156 1440 ἁλόντα

341 1465 406 1511 97
470 1463 812 1529 πρεσβευτικὸς
850 1463 971 1529 πρὸς
1009 1463 1123 1523 τοὺς
1163 1471 1337 1531 τρῶας·
1380 1462 1609 1528 μενὲλαος

305 1539 437 1585 101*
475 1537 714 1596 δικάζεται
752 1537 994 1586 ποσειδῶν

306 1612 436 1659 104V
473 1609 525 1659 ἐκ
563 1618 651 1660 τοῦ
689 1610 914 1660 ἐναντίου
953 1609 1076 1677 ἅρης

304 1686 406 1733 109
469 1685 701 1744 πλούσιος
731 1684 1015 1751 ἀριστεύσας
1045 1685 1335 1751 τυραννίδος
1367 1684 1635 1750 ἐπιθυμίας
1658 1686 1870 1754 κρίνεται

307 1759 409 1806 115
474 1758 594 1823 ἔχων
632 1777 704 1818 τις
742 1763 951 1825 γυναῖκα
989 1758 1071 1808 καὶ
1111 1757 1180 1808 ὢν
1218 1758 1314 1809 ὑπὸ
1354 1758 1498 1825 πατρὶ

308 1835 408 1880 121
474 1832 619 1897 φήμη
658 1826 722 1896 ἦν
761 1837 982 1882 συνεῖναι
1019 1832 1104 1882 τὸν
1142 1831 1323 1899 πατέρα

306 1909 436 1954 127ν
475 1906 620 1971 φήμη
667 1899 731 1970 ἦν
777 1911 997 1956 συνεῖναι
1042 1907 1278 1956 πλούσιον
1324 1914 1381 1972 τῆ
1421 1906 1628 1972 πένητος
1674 1907 1874 1973 γυναικὶ

308 1981 411 2028 134
480 1980 784 2047 φιλαργύρου
823 1985 940 2040 παῖς
977 1984 1167 2030 θαλλοῦ
1207 1979 1451 2043 στέφανον

307 2056 409 2102 143
474 2061 561 2103 τοῦ
601 2053 754 2104 αὐτοῦ
793 2053 1036 2104 ἐπιστολαὶ
1076 2049 1182 2122 (px)

305 2129 436 2176 180v
472 2127 542 2186 εἰς
580 2126 780 2177 ἐτεωνέα
817 2127 1092 2192 ἐπικήδειος
1110 2122 1152 2195 2)

305 2202 408 2250 184
470 2202 751 2266 λιβανίου
790 2209 1078 2265 σοφιστοῦ
1116 2200 1247 2267 περὶ
1286 2199 1608 2266 ἀπληστίας

311 2276 443 2322 187*
479 2275 597 2340 βοὸς
635 2274 875 2342 ἐγκώμιον

309 2349 412 2397 189
476 2348 726 2416 σύγκρισις
763 2348 916 2416 ἀγροῦ
955 2347 1037 2398 καὶ
1074 2349 1258 2409 πόλεως

307 2425 408 2471 191
476 2421 710 2487 ἕκφρασις
747 2422 888 2487 ἔαρος
926 2430 1244 2489 συγγραφικῶ
1283 2430 1545 2489 χαρακτῆρι

307 2497 409 2544 192
746 2497 1002 2546 καλανδῶν

307 2570 439 2617 193*
747 2568 962 2634 πολέμου

311 2643 413 2691 195
748 2642 902 2708 αὐλῆς
939 2650 1026 2708 τῆς
1063 2642 1117 2693 ἐν
1154 2651 1219 2693 τῶ
1257 2643 1587 2709 βουλευτηρίω

314 2830 355 2887 1)
387 2828 440 2871 In
478 2827 633 2872 indice
664 2827 822 2886 Serap.
855 2826 941 2871 XII
970 2843 1015 2885 p.
1049 2833 1132 2872 262
1167 2830 1238 2873 est
1268 2844 1310 2872 n.
1345 2832 1444 2873 581.
1506 2829 1574 2873 De
1612 2828 1871 2874 inventario

190 2886 340 2931 latino
375 2887 500 2931 idem
530 2886 655 2943 quod
686 2900 826 2943 supra
857 2902 900 2944 p.
934 2891 1020 2931 209
1052 2888 1301 2932 dicendum
1332 2889 1415 2932 est.

311 2948 356 3003 2)
386 2945 519 2990 Folia
552 2949 782 2991 180—183
813 2946 1094 3002 bombycina
1125 2946 1220 2990 alia
1251 2961 1392 2991 manu
1426 2948 1616 2991 exarata
1647 2947 1768 2990 sunt.

2066 2806 2084 2831 ἢῆ
2076 2653 2087 2741 mmo.
2064 2557 2085 2585 -ζ
2076 2520 2082 2524 ‘
