2090 3162
258 140 364 192 468
809 140 1034 183 LIBANII
1067 139 1288 185 ORATIO
1322 142 1384 184 XI

259 274 583 343 ἐκδοθῆναι,
632 277 793 342 φασί,
844 276 1109 343 Πηγάσου
1150 283 1222 347 τῷ
1255 276 1385 328 ποδὶ
1425 278 1525 345 τὴν
1563 276 1768 346 πέτραν
1806 282 1941 347 πλή-

260 363 466 431 ξαντος,
507 365 749 435 τοσούτω
790 361 848 416 δὲ
880 372 1043 416 τοῦτο
1075 367 1543 434 θαυμαστότερον,
1584 366 1692 438 ὅσω
1732 371 1940 434 μᾶλλον

260 453 492 519 εὔλογον
530 453 704 520 πηγὰς
742 451 802 505 ἐκ
841 460 939 520 γῆς
976 452 1008 520 ἢ
1051 452 1240 515 ἀκίδας
1280 452 1535 520 ἐκπηδᾶν.
1613 454 1696 506 98.
1739 455 1941 508 Σέλευ-

259 562 351 602 κος
400 541 460 592 δὲ
508 541 646 606 ὁμοῦ
686 560 742 593 τε
791 542 996 608 ταύτην
1036 541 1289 611 ἀνῃρεῖτο
1329 542 1418 593 καὶ
1467 543 1739 611 δράκοντα
1781 547 1943 613 φερό-

216 651 233 682 5
258 649 427 695 μενον
490 629 912 696 ἀντιπρόσωπον
976 628 1118 694 ἑώρα
1177 631 1427 701 μετεώρῳ
1492 634 1818 701 συρίττοντα
1878 641 1941 702 τῇ

257 721 484 787 κεφαλῇ.
560 717 587 770 ὁ
641 718 701 770 δὲ
755 719 825 780 ὡς
877 717 1153 786 ἐπέλασεν,
1204 719 1410 789 ἥμερον
1461 721 1538 781 εἰς
1589 721 1758 773 αὐτὸν
1807 722 1942 774 ἰδὼν

258 807 548 873 ἠφάνιστο.
625 806 1031 875 προστεθέντος
1077 808 1143 874 δὴ
1185 815 1283 859 τοῦ
1333 808 1631 877 δράκοντος
1677 818 1791 872 τοῖς
1838 810 1942 862 ἀπὸ

259 903 353 963 τῆς
402 903 499 962 γῆς
545 893 830 962 ἐκφανεῖσι
867 899 1063 961 μείζων
1102 897 1134 964 ἡ
1174 898 1378 964 πίστις,
1426 897 1497 959 ὡς
1537 896 1565 949 ὁ
1604 898 1736 959 θεὸς
1783 897 1943 965 ἐμβα-

170 995 211 1038 R
235 999 317 1038 303
351 984 500 1035 τεύοι
531 984 628 1036 τὸν
659 987 842 1036 τόπον.
879 983 884 1054 Ι
919 983 1009 1036 καὶ
1043 985 1236 1036 αὐτίκα
1269 984 1488 1053 τέμενός
1512 1005 1569 1038 τε
1594 985 1943 1039 ἀπεδέδεικτο

197 1093 239 1124 10
263 1070 352 1124 καὶ
393 1073 541 1139 φυτά
578 1073 668 1124 καὶ
708 1073 843 1134 νεὼς
883 1072 1094 1141 ἐδέχετο
1134 1074 1224 1125 καὶ
1263 1076 1398 1141 ταχὺ
1437 1075 1497 1126 τὸ
1540 1075 1704 1136 ἄλσος
1744 1076 1943 1127 ἐθαλλε

260 1158 349 1212 καὶ
402 1160 557 1229 ἀραῖς
609 1162 856 1229 ἰσχυραῖς
906 1160 1247 1230 ἐφρουρεῖτο.
1326 1162 1410 1214 99.
1461 1163 1549 1214 καὶ
1588 1163 1765 1215 πάντα
1803 1159 1873 1230 ἦν
1912 1163 1943 1231 ἡ

261 1251 465 1317 Δάφνη
518 1250 788 1321 Σελεύκῳ.
877 1251 1013 1318 πρὸς
1065 1251 1168 1319 γὰρ
1230 1259 1343 1312 τοῖς
1399 1252 1475 1313 εἰς
1529 1253 1662 1314 ὄψιν
1715 1250 1945 1304 ἐλθοῦσι

262 1338 543 1405 φάσμασιν
582 1340 660 1390 ἔτι
710 1337 801 1390 καὶ
852 1339 1088 1407 χρησμὸς
1138 1339 1309 1391 αὐτὸν
1356 1334 1505 1407 ἦγεν,
1558 1340 1623 1392 ὃν
1661 1341 1807 1409 παρὰ
1845 1341 1945 1408 τὴν

265 1427 565 1478 δυσκολίαν
597 1425 655 1479 ἐκ
688 1430 943 1496 Μιλήτου
976 1425 1269 1495 δεξάμενος
1309 1428 1706 1497 ἀνεθάρρησεν,
1748 1427 1808 1490 ὃς
1845 1430 1946 1497 τήν

197 1536 238 1567 15
262 1534 319 1567 τε
350 1514 661 1582 μέλλουσαν
691 1515 1005 1584 ὑπισχνεῖτο
1038 1516 1210 1584 τύχην
1240 1517 1331 1568 καὶ
1364 1519 1587 1583 λαβόντι
1617 1518 1718 1585 τὴν
1741 1518 1946 1586 Σύρων

265 1602 441 1672 ἀρχὴν
469 1603 712 1671 Δάφνην
744 1603 890 1676 αὐτῷ
916 1614 1097 1656 ποιεῖν
1132 1605 1284 1673 ἱερὰν
1317 1603 1583 1667 ἐπέταξεν.
1648 1605 1768 1656 100.
1801 1604 1943 1657 οὕτω

265 1692 331 1759 δὴ
363 1692 429 1743 τὰ
459 1690 584 1760 περὶ
615 1694 746 1754 τοὺς
777 1694 946 1754 θεοὺς
977 1692 1473 1759 κατεσκευασμένος
1504 1694 1592 1745 καὶ
1626 1693 1763 1745 ὅθεν
1792 1692 1945 1756 ἄξιον

265 1779 591 1848 ἀρξάμενος,
644 1780 748 1832 ἀπὸ
795 1781 1058 1850 κρηπῖδος
1105 1779 1368 1849 ὁρμηθεὶς
1413 1782 1754 1850 παρεχούσης
1801 1781 1947 1834 ἐλπί-

266 1869 388 1936 δας,
439 1876 534 1935 τῆς
582 1888 639 1920 τε
691 1868 915 1921 ἐκείνων
954 1869 1171 1931 εὐνοίας
1221 1869 1358 1937 λέγω
1407 1869 1497 1921 καὶ
1543 1878 1636 1938 τῆς
1688 1869 1946 1938 ἡμετέρας

199 1978 242 2010 20
265 1958 488 2024 πόλεως,
520 1958 722 2024 μεστὸν
753 1956 1035 2025 ἀπέφηνεν
1066 1958 1274 2009 ἄστεων
1304 1965 1398 2026 τῆς
1434 1965 1532 2026 γῆς
1563 1960 1624 2011 τὸ
1655 1959 1946 2026 κράτιστον

383 2195 408 2233 8
440 2190 602 2234 Aesch.
635 2190 757 2234 Pers.
787 2195 872 2235 447
936 2189 1111 2237 Cratin.
1132 2190 1175 2233 ΙΙ
1202 2194 1298 2245 182,
1317 2196 1372 2234 22
1397 2191 1456 2235 M.
1482 2191 1504 2234 I
1529 2196 1626 2245 106,
1645 2196 1727 2234 321
1747 2192 1805 2238 Κ.

390 2417 412 2454 1
446 2410 504 2467 ἣν
536 2413 646 2455 ante
677 2411 772 2456 ἐκδ.
805 2412 982 2456 BMCa
1030 2412 1035 2470 Ι
1086 2411 1204 2467 φασὶ
1234 2410 1284 2454 in
1313 2425 1388 2455 ras
1418 2410 1490 2455 P2
1638 2416 1663 2454 3
1697 2427 1759 2468 πη
1764 2411 1848 2468 γὴν
1878 2412 1947 2455 Re

327 2475 354 2513 4
384 2486 432 2513 τε
471 2470 637 2527 scripsi
676 2472 864 2514 aucfiore
895 2470 963 2514 Re
1002 2483 1057 2513 ex
1096 2471 1170 2515 UI
1244 2486 1294 2526 γε
1333 2469 1501 2525 reliqui
1538 2469 1647 2512 libri
1683 2429 1819 2526 (εοᾶη
1820 2470 1870 2514 in
1899 2486 1946 2515 τε

269 2542 370 2572 corr
401 2528 489 2585 P2)
521 2531 569 2573 et
600 2529 690 2573 edd
717 2532 723 2585 Ι
751 2530 954 2585 ἀνηρῆτο
994 2530 1065 2573 UI
1190 2534 1215 2572 6
1247 2529 1294 2579 ἐς
1322 2530 1358 2572 Ι
1477 2532 1502 2571 8
1535 2528 1562 2584 ἡ
1597 2543 1672 2572 om
1706 2530 1765 2573 M
1789 2529 1795 2587 Ι
1823 2546 1867 2573 οι
1898 2529 1947 2572 in

270 2587 510 2655 ἐμβατεύοι
549 2589 599 2631 in
637 2602 712 2631 ras
737 2588 809 2633 Ρ4
884 2587 1121 2645 ἐμβατεύει
1161 2588 1296 2633 ΠΙΟα
1437 2591 1462 2629 9
1493 2595 1555 2630 τῶ
1594 2586 1719 2632 τόπω
1763 2589 1835 2633 UI
1865 2588 1947 2632 sed

269 2646 319 2690 in
357 2646 445 2691 hoc
483 2646 564 2691 τὸν
595 2646 739 2692 τόπον
771 2660 997 2703 suprascr.
1029 2646 1099 2690 111εἰ
1139 2651 1144 2702 Ι
1187 2644 1355 2690 αὐτίκα
1392 2644 1595 2704 τέμενός]
1637 2645 1947 2691 ἀντικαταθέ·

269 2703 404 2761 μενός
425 2705 527 2748 Mor
587 2706 785 2750 correxit
806 2705 1021 2749 Valesius
1046 2705 1107 2749 ad
1129 2706 1278 2749 Amm.
1303 2705 1444 2748 Marc.
1471 2705 1597 2748 XXII
1623 2710 1732 2760 13,1
1759 2721 1803 2762 p.
1822 2710 1906 2749 329
1935 2705 1940 2761 Ι

270 2762 573 2809 ἀποδέδεικτο
605 2766 716 2809 ΒΜ
734 2765 803 2808 Re
842 2766 890 2808 et
927 2777 1066 2820 supra
1104 2762 1408 2809 ἀπεδείκνυτο
1439 2763 1497 2806 12
1573 2762 1875 2808 ἀπεδείκνυτο
1910 2765 1955 2809 U

332 2827 384 2866 12
417 2821 504 2880 γὰρ
537 2822 661 2867 inser
683 2823 740 2867 1²
774 2826 780 2880 Ι
815 2824 1032 2868 ἐλθοῦσιν
1065 2822 1130 2866 ἔτι
1161 2823 1336 2871 BMGa
1458 2827 1510 2865 13
1545 2825 1727 2877 „malim
1758 2823 1944 2880 ἐνῆγεν“

271 2882 338 2925 Re
381 2883 386 2938 Ι
428 2880 513 2937 τὴν
543 2881 592 2924 in
622 2895 697 2925 ras
722 2881 790 2926 Α2
919 2886 971 2924 16
1003 2882 1127 2941 αὐτῷ
1162 2895 1218 2925 ex
1248 2882 1391 2925 αὐτοῦ
1425 2895 1526 2924 corr
1545 2858 1621 2925 'P2
1695 2881 1839 2925 αὐτοῦ
1863 2883 1908 2926 Α
1935 2884 1942 2938 Ι

272 2940 351 2983 καὶ
382 2939 500 2984 οὕτω
532 2940 578 2983 Β
727 2945 782 2984 20
814 2939 990 2984 ἀστέων
1025 2928 1109 2985 UI
1121 2942 1168 2984 et
1200 2954 1255 2984 ex
1285 2939 1460 2983 ἄστεων
1492 2953 1593 2984 corr
1623 2939 1696 2984 Ρ2
