2090 3162
783 88 1008 132 LIBANH
1040 87 1261 132 ORATIO
1295 88 1358 131 XI
1586 151 1593 161 .
1803 90 1910 141 475

227 226 293 278 οὐ
333 230 517 296 πολλῷ
559 244 632 297 τω
673 223 1022 293 φαυλοτέραν
1059 232 1153 291 τῆς
1197 224 1446 293 ἀρχαίας,
1494 225 1564 293 ἣν
1604 224 1632 277 ὁ
1673 227 1911 291 ποταμὸς

223 314 640 383 περιλαμβάνει,
687 314 1281 381 προσκατασκευάζεται
1331 312 1486 381 γένος
1531 313 1631 379 μὲν
1667 311 1911 381 Ἑλληνι-

224 404 325 455 κὸν
357 403 609 470 εἰσάγων,
642 403 926 464 Αἰτωλοὺς
960 402 1051 454 καὶ
1083 404 1303 471 Κρῆτας
1334 400 1424 454 καὶ
1458 402 1710 469 Εὐβοεῖς,
1747 405 1909 470 τείχει

226 488 286 544 δὲ
324 493 425 559 τὴν
463 491 680 543 ἅπασαν
720 490 1026 559 ἀσφάλειαν
1064 491 1373 559 παρασχών.
1456 490 1573 542 120.
1623 491 1802 559 ὥσπερ
1850 488 1910 543 δὲ·

224 580 284 632 τὸ
332 578 532 648 μέτρον
578 588 673 648 τῆς
718 582 926 642 πόλεως
982 579 1068 631 ἐπὶ
1121 582 1306 645 μεῖζον
1361 579 1567 647 ἐξῆγεν,
1623 580 1765 632 οὕτω
1820 580 1909 632 καὶ
1958 601 1976 632 5

223 670 351 732 τοὺς
389 676 484 736 τῆς
534 669 700 738 ἀρχῆς
735 673 741 733 ἕ
778 669 942 737 ὄρους
994 667 1079 720 ἐπὶ
1130 673 1321 720 πλεῖον
1367 666 1590 736 ἔτεινεν,
1639 668 1818 735 ὥσπερ
1851 681 1998 724 R310

220 755 505 829 ηὐξημένςο
538 758 743 824 σώματι
766 758 926 825 μείζω
951 766 1154 825 χιτῶνα
1185 757 1571 825 ὑφαινόμενος.
1627 755 1716 809 καὶ
1740 775 1910 826 παρα-

223 846 410 913 λαβὼν
441 855 551 899 τῶν
593 847 896 913 οἰκητόρων
929 843 1000 897 δι’
1041 845 1187 898 ὅσων
1218 847 1442 913 ἤλπιζεν
1474 846 1505 914 ἣ
1545 848 1699 917 φόβῳ
1733 847 1910 899 πάντα

221 932 366 997 ἕξειν
404 933 435 1001 ἢ
476 936 623 1006 νόμω
663 943 878 1002 χειρῶν,
917 935 1122 1002 ἤλαυνε
1160 934 1261 1002 τὴν
1297 932 1358 986 ἐν
1388 932 1555 987 ποσὶν
1594 934 1677 986 ἀεὶ
1709 935 1909 1000 κτώμε-

220 1043 319 1085 νος
349 1032 459 1075 τῶν
490 1019 592 1089 μὲν
632 1021 871 1075 ἑκόντων
908 1023 1403 1091 προσχωρούντων,
1442 1032 1554 1075 τῶν
1593 1019 1652 1075 δὲ
1693 1021 1754 1075 ἐν
1791 1032 1909 1086 ταῖς
1934 1045 1976 1077 ιο

218 1112 406 1179 ἥτταις
446 1112 530 1164 ὅτι
569 1112 641 1179 μὴ
682 1119 819 1181 χρῆν
851 1110 1132 1180 ἀνταίρειν
1170 1110 1602 1179 παιδευομένων.
1667 1112 1786 1163 121.
1818 1110 1909 1164 καὶ

218 1201 352 1267 μετὰ
390 1200 646 1252 τοιούτου
688 1201 956 1268 σχήματος
1003 1199 1102 1261 ἕως
1131 1197 1360 1275 Ἰωνίας·
1382 1199 1548 1268 ἀνέβη
1590 1200 1809 1263 δεικνὺς
1848 1203 1910 1253 ἔν

216 1308 276 1341 τε
321 1291 549 1356 βουλαῖς
602 1289 692 1341 καὶ
738 1287 967 1357 πράξεσι
1013 1289 1112 1341 τὸν
1158 1287 1331 1355 μέγαν
1366 1287 1644 1358 Ἀντίοχον
1690 1287 1779 1341 καὶ
1836 1289 1909 1351 ὡς

219 1378 322 1429 οὐκ
378 1377 643 1444 ὀνόματος
690 1377 967 1445 εὐφημίαν
1013 1374 1177 1446 ἔφερε
1222 1379 1406 1445 κενήν,
1461 1376 1579 1430 ἀλλ’
1623 1376 1678 1440 ἐξ
1726 1378 1909 1430 αὐτῶν

218 1461 299 1519 ὧν
336 1463 564 1534 ἔπραττε
603 1473 765 1518 τοῦτο
814 1463 883 1534 ἦν
922 1465 1147 1518 ἀκούειν
1185 1464 1346 1528 ἄξιος.
1423 1464 1476 1529 ἐξ
1529 1461 1608 1519 ὧν
1646 1468 1812 1534 φόροι
1850 1486 1907 1519 τε
1933 1488 1974 1520 15

217 1554 351 1622 ἡμῖν
402 1553 640 1629 ἐφοίτων
691 1553 780 1606 καὶ
831 1562 945 1616 τοῖς
994 1561 1093 1607 τοῦ
1144 1553 1387 1620 πολέμου
1434 1556 1634 1623 δώροις
1673 1555 1704 1623 ἡ
1752 1557 1908 1617 πόλις

214 1641 499 1709 ἐκοσμεῖτο
555 1653 666 1696 τῶν
718 1639 820 1712 μὲν
873 1642 1133 1710 ὑπηκόων
1187 1642 1609 1712 έπιμελουμένη,
1662 1646 1792 1706 τοὺς
1846 1641 1906 1695 δὲ

217 1731 660 1800 ἀνθισταμένους
683 1730 1182 1801 καταστρεφομένη,
1214 1733 1398 1784 ἔπειτα
1421 1731 1512 1784 καὶ
1543 1733 1759 1795 τούτοις
1784 1731 1899 1785 ἀντ’

219 1819 438 1887 ἀγαθοῦ
480 1821 742 1887 δαίμονος
781 1818 1097 1887 γιγνομένη,
1136 1821 1300 1872 δυοῖν
1330 1828 1606 1888 παριοῦσα
1636 1822 1737 1890 τὴν
1761 1825 1906 1890 Περ-

218 1909 381 1977 σικὴν
405 1909 752 1977 δυναστείαν,
786 1909 936 1977 ἰσχύι
964 1928 1021 1961 τε
1051 1908 1140 1961 καὶ
1172 1915 1247 1980 τῷ
1272 1916 1367 1976 τῆς
1396 1912 1730 1979 προστασίας
1761 1911 1906 1978 ἤθει.
1930 1932 1974 1964 20

333 1998 453 2050 122.
480 1995 701 2067 ’Ἕτερος
728 1995 999 2066 Ἀντίοχος
1036 1999 1280 2065 γίγνεται
1319 1997 1594 2066 βασιλεύς,
1633 1998 1906 2067 εἰρηνικός

215 2105 275 2138 τε
313 2085 451 2152 ὁμοῦ
490 2086 590 2139 τὸν
627 2087 834 2155 τρόπον
871 2084 962 2138 καὶ
1002 2087 1309 2154 πολεμικός,
1350 2094 1413 2154 τῇ
1453 2083 1554 2153 μὲν
1592 2088 1816 2156 χαίρων,
1857 2087 1906 2139 εἰ

218 2351 242 2399 t
278 2349 298 2392 I
331 2290 628 2394 {8505RVHI
653 2294 708 2335 89
755 2289 922 2334 Aesch.
955 2303 1018 2334 or.
1043 2290 1064 2333 I
1089 2295 1113 2343 ξ
1141 2294 1166 2333 5
1191 2305 1235 2346 p.
1254 2294 1326 2345 30,
1344 2295 1369 2334 5
1417 2289 1560 2334 Thuc.
1585 2290 1650 2334 ΠΙ
1673 2295 1746 2347 97,
1773 2295 1794 2334 1
1845 2290 1902 2335 cf.

339 2547 361 2585 1
386 2545 450 2602 τῷ
481 2543 606 2587 UMo
622 2542 702 2589 Re
810 2546 835 2584 2
870 2554 896 2584 σ
925 2541 1054 2598 prius
1085 2540 1135 2585 in
1164 2541 1674 2596 προσκατασκευάζεται
1697 2543 1823 2587 inser
1846 2543 1880 2586 I
1887 2541 1904 2567 ²

277 2606 305 2644 4
336 2606 390 2658 τῇ
422 2587 581 2660 ἁπάσῃ
606 2599 764 2644 Gasda
883 2604 909 2643 5
934 2599 1119 2658 μέτρον]
1146 2604 1300 2657 μεῖζον
1326 2601 1391 2646 Ga
1512 2607 1537 2646 9
1561 2618 1588 2646 τ
1611 2601 1639 2658 ὴ
1665 2619 1706 2646 ν
1715 2603 1751 2646 Ι
1768 2602 1851 2646 sed
1873 2618 1902 2658 η

215 2661 267 2704 et
289 2676 316 2703 ν
340 2660 389 2703 in
418 2673 494 2703 ras
517 2647 588 2703 m³
617 2661 666 2704 et
695 2658 910 2718 singulae
941 2658 1126 2703 litterae
1159 2661 1267 2703 ante
1299 2661 1346 2704 et
1376 2662 1483 2716 post
1511 2678 1540 2718 η
1573 2674 1675 2704 eras
1737 2674 1810 2704 om
1839 2661 1902 2706 Ca

280 2724 330 2763 11
365 2721 472 2775 post
507 2725 623 2777 χρῆν
660 2731 824 2763 rasura.
854 2723 880 2761 2
913 2717 1178 2763 litterarum
1210 2721 1273 2763 M
1404 2723 1459 2762 12
1500 2718 1644 2779 ἀνέβη
1682 2719 1733 2763 in
1769 2732 1906 2778 marg

216 2778 344 2822 inser
376 2779 460 2823 Mo
542 2775 682 2836 ἐπέβη
714 2779 760 2822 Ρ
799 2777 882 2821 sed
924 2776 982 2821 ἐπ
1019 2777 1068 2821 in
1104 2792 1181 2822 ras
1205 2777 1276 2821 m'
1427 2782 1481 2822 19
1514 2780 1645 2824 δυεῖν
1679 2778 1843 2823 GARe

216 2837 328 2911 ἐνῆν
352 2836 453 2880 Μοι·
479 2836 486 2895 Ι
511 2834 775 2892 παριοῦσαν
802 2838 886 2881 Mo
910 2836 993 2879 sed
1015 2854 1043 2881 ν
1066 2850 1169 2881 eras
1267 2841 1322 2880 21
1348 2834 1526 2894 γίνεται
1548 2839 1595 2882 Α
1689 2841 1743 2880 21
1777 2837 1903 2894 εἰρη-

215 2893 346 2946 νικός
376 2922 434 2928 -
465 2899 567 2950 476,
583 2900 611 2939 4
641 2893 874 2951 ἀτιμάζων
906 2894 1024 2939 citat
1053 2895 1171 2940 Plan
1202 2895 1281 2940 fol.
1315 2899 1371 2939 99
