2090 3162
0 2712 7 2781 b

738 100 964 144 LIBANH
996 100 1217 145 ORATIO
1251 102 1313 145 XI
1757 107 1862 158 459

178 234 261 288 ἐπ’
310 235 537 307 Ἀλφειῷ
583 237 905 303 νενικηκότα
955 242 1159 306 μῦθον,
1210 237 1270 300 ὃς
1321 237 1379 291 ἐκ
1429 242 1861 308 Πελοποννήσου

176 326 315 393 πρὸς
371 325 632 376 Σικελίαν
687 325 805 392 ἄγει
841 325 847 392 Ι
889 326 986 378 τὸν
1039 327 1286 395 ποταμὸν
1340 328 1431 379 διὰ
1487 329 1770 397 θαλάσσης
1803 342 1947 384 R295

177 413 344 482 μέσης
384 412 548 481 ἀμιγῆ
589 414 725 481 πρὸς
763 415 863 482 τὴν
903 414 1200 467 θάλατταν.

292 502 374 554 69.
435 502 517 554 Οὐ
571 502 680 569 μὴν
728 502 902 564 εὐθὺς
947 503 980 570 ἡ
1027 505 1183 565 πόλις
1228 504 1433 572 μεγάλη
1487 503 1577 557 καὶ
1624 506 1862 558 πολυάν-

176 596 419 660 θρωπος,
459 589 600 642 οὕτω
635 591 738 659 γὰρ
776 586 862 658 ἡν,
903 585 1069 659 οἶμαι,
1109 592 1412 661 συμφέρον,
1446 592 1560 645 ἀλλ’
1602 593 1862 662 ἀνέμενεν
1908 614 1926 646 5

174 679 207 747 ἡ
250 679 449 747 ταύτης
481 678 706 747 αὔξησις
744 679 842 731 τὸν
882 679 1083 748 ἀμείνω
1123 682 1346 749 χρόνον·
1385 681 1516 743 τέως
1548 679 1606 734 δὲ
1639 680 1700 734 ἐν
1730 684 1861 750 βρα-

176 766 386 839 χυτέρςο
442 768 598 836 διῆγε
650 768 922 835 πλάσματι
976 768 1218 837 μένουσα
1269 768 1523 837 ἐλάττων,
1579 770 1737 839 ἡνίκα
1792 771 1859 823 οὐ

177 855 398 924 βέλτιον
452 853 594 908 εἶναι
647 859 823 924 μείζω.
903 857 984 909 70.
1040 859 1096 910 τί
1148 858 1209 910 δὲ
1262 861 1426 911 τοῦτό
1474 857 1647 922 ἐστιν;
1703 861 1750 911 εἰ
1797 860 1857 911 τὸ

172 944 377 1014 μέτρον
431 945 598 1013 αὐτῆς
652 945 725 1007 ὡς
779 943 867 997 ἐπὶ
921 949 1181 998 πλεῖστον
1235 944 1422 1014 ἐξῆκτο
1477 955 1569 1015 τῆς
1623 955 1721 1015 γῆς
1781 950 1859 999 ἔτι

176 1037 411 1102 Περσῶν
455 1034 555 1101 τὴν
588 1032 765 1086 Ἀσίαν
811 1032 1064 1102 ἐχόντων,
1113 1037 1167 1086 οἳ
1212 1036 1300 1087 καὶ
1348 1037 1618 1103 χρήμασιν
1665 1040 1858 1103 ἴσχυον
1883 1056 1924 1087 ιο

171 1120 264 1174 καὶ
305 1122 496 1185 ὅπλοις
534 1119 776 1191 ἔρρωντο
825 1123 913 1174 καὶ
961 1131 1130 1175 πᾶσιν
1169 1121 1486 1190 ἐξέλαμπον,
1533 1120 1602 1191 ἡν
1650 1123 1856 1191 ἀνάγκη

174 1210 551 1279 καλουμένους
589 1210 696 1263 ὑπὸ
737 1219 847 1263 τῶν
886 1210 1210 1279 ἡγουμένων
1249 1213 1326 1274 εἰς
1365 1214 1662 1264 κοινωνίαν
1699 1226 1858 1279 στρα-

173 1300 320 1362 τείας
366 1298 398 1366 ἢ
445 1297 818 1367 πειθομένους
865 1300 1261 1368 στρατεύεσθαι
1300 1299 1332 1368 ἢ
1372 1301 1443 1369 μὴ
1490 1299 1858 1366 πειθομένους

174 1386 414 1458 Πέρσαις
463 1391 739 1456 πολεμεῖν,
789 1390 922 1456 μίαν
973 1389 1039 1456 δὴ
1090 1390 1254 1440 πόλιν
1303 1389 1537 1458 τοσαύτῃ
1592 1390 1855 1457 βασιλείᾳ.

170 1472 241 1543 ἡν
292 1475 341 1527 δ’
398 1475 468 1528 ἂν
518 1477 645 1528 οὔτε
696 1474 873 1528 ἐκεῖνο
925 1478 1097 1529 καλὸν
1147 1477 1273 1529 οὔτε
1323 1484 1486 1529 τοῦτο
1538 1476 1852 1529 ἀκίνδυνον.
1878 1496 1920 1529 15

173 1565 255 1616 71.
291 1571 399 1617 νῦν
430 1561 491 1617 δὲ
524 1564 626 1616 οὐκ
659 1563 991 1632 αὐξηθέντες
1022 1566 1166 1634 παρὰ
1199 1567 1409 1633 καιρόν,
1442 1563 1559 1616 ἀλλ’
1589 1563 1649 1618 ἐν
1679 1565 1854 1635 τούτῳ

172 1655 444 1723 σχήματος
483 1653 722 1721 στάντες,
763 1653 791 1706 ὃ
831 1653 920 1705 καὶ
960 1660 1058 1706 τοῦ
1092 1653 1232 1723 δρᾶν
1263 1673 1316 1705 τι
1348 1650 1606 1722 δυσχερὲς
1635 1650 1725 1705 καὶ
1757 1659 1855 1704 τοῦ

169 1747 378 1795 παθεῖν
416 1761 468 1793 τι
507 1742 677 1795 κακὸν
715 1741 1072 1810 ἀπήλλαττεν,
1120 1742 1196 1804 εἰς
1241 1739 1476 1810 μέγεθος
1515 1741 1855 1810 προῦβησαν,

171 1830 335 1898 ἡνίκα
374 1831 565 1900 ἄρχειν
603 1831 740 1898 ἔδει,
792 1822 882 1882 οἷα
931 1830 1123 1891 παῖδες
1173 1829 1415 1897 εὐγενεῖς
1464 1827 1526 1882 ἐν
1564 1828 1856 1897 τυραννίδι

168 1914 272 1984 μὲν
310 1925 374 1988 τῇ
421 1920 632 1987 νεότητι
680 1918 1066 1986 διαλαθόντες,
1114 1918 1191 1979 εἰς
1236 1918 1454 1986 ἡλικίαν
1493 1913 1553 1969 δὲ
1599 1915 1855 1978 ἐλθόντες
1878 1937 1922 1969 εο

290 2082 311 2120 1
348 2076 404 2121 cf.
438 2077 700 2135 διηγήματα
731 2077 795 2121 IV
819 2081 903 2120 855
937 2079 985 2120 et
1019 2081 1129 2120 1107
1149 2091 1215 2132 sq.

242 2231 245 2234 '
290 2230 312 2268 1
354 2223 520 2270 τοῦτόν
561 2238 676 2282 φασι
714 2225 797 2269 τὸν
830 2221 1041 2279 Ἀλφειὸν
1079 2223 1290 2280 ποταμὸν
1329 2222 1410 2268 διὰ
1447 2220 1584 2280 μέσης
1620 2221 1855 2279 θαλάττης

171 2281 340 2341 ῥέοντα
371 2284 543 2341 γλυκύν
574 2300 621 2328 τε
653 2279 777 2328 εἶναι
808 2283 887 2327 καὶ
917 2281 1115 2339 πότιμον
1147 2282 1215 2326 B²

290 2435 311 2474 1
355 2431 468 2475 olim
507 2431 685 2475 conieci
716 2427 943 2487 Ἀλφειοῦ,
984 2432 1034 2474 at
1072 2429 1127 2473 cf.
1162 2444 1206 2486 p.
1232 2434 1334 2482 491,
1360 2434 1385 2472 2
1424 2428 1507 2473 τὸν
1538 2425 1614 2473 ἐπ’
1644 2425 1854 2483 Ἀμαζόσι

88 2463 90 2466 -
168 2489 308 2547 λόγον
338 2489 684 2547 πιστωσάμεναι
802 2495 827 2533 2
859 2488 1096 2546 θαλάττης
1118 2489 1258 2532 ΙΒΜ
1374 2493 1399 2531 3
1429 2486 1678 2531 θάλασσαν
1704 2486 1854 2532 CUCa

167 2549 238 2593 Re
365 2554 392 2593 5
424 2549 553 2594 οὔπω
586 2549 790 2594 Sintenis
829 2549 835 2608 Ι
877 2543 934 2604 ἦν
965 2548 1141 2592 inserui
1172 2561 1228 2592 ex
1259 2546 1505 2592 UIBMC'a
1578 2560 1655 2590 om
1685 2544 1853 2600 reliqui

175 2607 287 2652 libri
318 2608 422 2654 edd*
452 2610 458 2665 Ι
500 2605 715 2664 ἐνέμενεν
746 2609 792 2653 Β
921 2612 946 2651 8
979 2605 1143 2663 μείζων
1178 2606 1436 2652 CIBMMo
1453 2604 1555 2649 Mor
1585 2606 1633 2648 et
1663 2617 1794 2648 eraso
1826 2620 1852 2647 ν

167 2668 263 2712 ΑΡ
311 2664 510 2740 νομίζων
537 2667 604 2713 Ga
723 2672 748 2711 9
774 2667 1063 2712 ἐπιπλεῖστον
1089 2667 1135 2710 Β
1257 2668 1311 2708 10
1335 2663 1399 2721 οἳ]
1426 2661 1455 2719 ἢ
1483 2664 1568 2709 Mo
1683 2666 1735 2706 12
1760 2661 1852 2706 ὑπὸ

170 2753 226 2759 -
263 2731 315 2770 13
349 2742 378 2781 η
408 2725 721 2783 πειθομένους
750 2726 800 2770 in
830 2738 964 2782 marg
995 2725 1089 2769 add
1116 2723 1223 2770 Mo'
1352 2726 1407 2766 15
1439 2719 1538 2767 οὔτ’
1565 2722 1602 2766 I
1716 2724 1769 2764 16
1801 2719 1849 2764 δ’

170 2785 239 2829 Re
267 2788 272 2842 Ι
299 2783 598 2840 παράκαιρον
622 2786 668 2829 Β
810 2789 862 2828 17
889 2782 1085 2843 σχήματι
1111 2784 1150 2829 0
1176 2783 1258 2827 sed
1289 2798 1341 2834 ος
1371 2794 1597 2838 suprascr.
1614 2780 1652 2835 f,
1682 2780 1730 2823 et
1753 2778 1855 2823 Mor

232 2843 487 2961 ξὸικακὸῖιέ]
521 2845 688 2903 δυσχερ
719 2844 785 2889 Ga
905 2847 961 2887 20
993 2840 1291 2901 διαλαβόντες
1330 2840 1414 2885 Mo
1445 2839 1527 2884 sed
1556 2842 1596 2884 θ
1625 2850 1852 2895 suprascr.

179 2917 227 2947 m
353 2900 400 2947 δ’
469 2916 494 2946 e
