2090 3162
742 109 967 154 LIBANII
1000 107 1222 153 ORATIO
1254 109 1317 153 VI
1763 109 1870 162 355

186 246 535 315 ἐπίσταμαι
585 246 738 299 οὐδὲ
776 254 987 316 κρατῶ
1029 246 1494 313 διαλεγόμενος
1533 244 1687 297 οὐδὲ
1726 241 1872 296 οἶδα

185 337 558 405 κιθαρίζειν
598 331 752 387 οὐδὲ
797 334 1109 402 ἡγεῖσθαι
1158 332 1630 402 στρατοπέδων.
1707 332 1871 402 ὑπερ-

185 425 396 490 βαίνων
446 419 549 476 οὗν
599 423 632 475 ἃ
684 425 834 475 ἔστιν
884 422 1055 494 αὐτῷ,
1107 420 1140 474 ἃ
1190 422 1262 490 μὴ
1314 418 1465 474 ἔστιν
1508 421 1764 492 ἀριθμῶν
1804 421 1871 474 οὐ

186 513 479 581 τυγχάνειν
520 512 690 564 οἴεται
723 518 817 579 τῆς
850 511 1042 580 Τύχης,
1083 509 1309 578 ἀδικῶν,
1350 509 1452 562 οὐκ
1491 510 1867 578 ἀδικούμενος.

193 600 241 652 3.
287 599 390 653 κάν
429 601 646 663 τούτοις
692 597 793 669 μὲν
831 596 996 668 ἧττον
1034 597 1104 651 ἂν
1141 600 1496 668 καταβοήσειε
1535 606 1630 667 τῆς
1679 599 1870 667 Τύχης,

185 688 247 742 ἐν
285 687 333 741 δ’
373 684 443 741 αὖ
483 697 548 758 τῇ
588 690 880 758 χρημάτων
917 707 975 741 τε
1012 686 1138 757 πέρι
1176 685 1267 740 καὶ
1308 687 1491 757 ἀρχῶν
1531 686 1720 758 ἐννοίᾳ
1763 694 1870 756 φεῦ

186 778 259 840 ὡς
296 780 474 846 πολλή
525 797 586 845 γε
625 778 658 846 ἡ
709 778 1048 846 καταδρομή,
1100 775 1190 829 καὶ
1242 773 1409 829 οὐδὲν
1460 777 1647 839 αὐτοῖς
1687 778 1872 844 στήσει

1918 619 1938 652 5

185 867 285 934 τὴν
334 868 644 935 κακήγορον
682 870 943 934 γλῶτταν.
1021 864 1286 934 μέμφεται
1322 865 1328 934 Ι
1363 865 1426 917 δὲ
1476 865 1504 918 6
1546 865 1648 933 μὲν
1686 864 1784 917 ἕνα
1815 877 1958 920 R242

185 963 444 1023 γεωργῶν
493 954 685 1024 ἀγρόν,
737 954 820 1006 ὅτι
871 955 942 1023 μὴ
995 955 1114 1022 δύο,
1166 953 1194 1006 6
1247 952 1298 1006 δ’
1357 949 1426 1006 αὖ
1479 954 1608 1022 δύο,
1660 953 1743 1006 ὅτι
1794 954 1865 1022 μὴ

185 1051 345 1111 τρεῖς,
387 1043 415 1096 6
458 1043 518 1096 δὲ
557 1052 726 1112 τρεῖς,
768 1043 852 1095 ὅτι
891 1044 964 1112 μὴ
1002 1042 1275 1113 τέτταρας,
1317 1043 1345 1096 ὁ
1387 1039 1447 1095 δὲ
1487 1041 1637 1111 δέκα,
1677 1043 1760 1095 ὅτι
1799 1043 1871 1112 μὴ

185 1136 411 1199 εἴκοσιν,
460 1131 488 1184 6
530 1130 578 1184 δ’
627 1127 697 1183 αὖ
737 1132 1062 1199 τοσούτους,
1111 1132 1195 1185 ὅτι
1233 1132 1306 1199 μὴ
1347 1130 1434 1193 δὶς
1471 1132 1796 1199 τοσούτους,
1842 1130 1871 1184 6

186 1216 246 1272 δὲ
286 1220 371 1282 δὶς
409 1221 735 1288 τοσούτους,
784 1221 868 1273 ὅτι
906 1221 979 1288 μὴ
1018 1220 1281 1282 πολλάκις
1319 1220 1634 1282 τοσούτους.
1710 1220 1873 1272 παύει

184 1305 245 1360 δὲ
285 1307 469 1370 οὐδεὶς
509 1309 746 1378 ἀριθμὸς
786 1310 912 1362 οὔτε
951 1309 1052 1377 τὴν
1091 1308 1395 1377 ἐπιθυμίαν
1429 1309 1555 1361 οὔτε
1587 1309 1653 1361 τὰ
1684 1306 1874 1376 ἐγκλή-

182 1416 336 1465 ματα.
398 1397 447 1449 4.
487 1398 760 1466 πάσχουσι
801 1394 860 1449 δὲ
899 1397 1101 1450 ταύτὸν
1139 1396 1229 1450 καὶ
1270 1397 1478 1450 ὁπόταν
1515 1396 1872 1465 ἐννοήσωσιν,

186 1485 260 1548 ὡς
283 1481 362 1538 ὧν
386 1485 669 1554 κέκτηνται
697 1486 988 1556 χρημάτων
1012 1487 1126 1538 ἔστι
1158 1506 1210 1538 τι
1241 1485 1426 1554 πλέον,
1459 1483 1550 1537 καὶ
1584 1486 1676 1538 διὰ
1707 1492 1871 1538 τοῦτο

183 1574 347 1627 ταύτὸ
405 1576 636 1644 σμικρόν
682 1594 739 1627 τε
793 1574 979 1637 αὐτοῖς
1025 1573 1116 1627 καὶ
1162 1573 1325 1643 μέγα,
1379 1573 1516 1643 μέγα
1570 1573 1689 1643 μέν,
1739 1572 1874 1643 πρὶν

183 1663 613 1732 παραγενέσθαι,
655 1663 886 1732 σμικρὸν
927 1662 1003 1731 δέ,
1042 1664 1148 1732 ἤδη
1188 1664 1254 1716 ὃν
1293 1662 1354 1716 ἐν
1396 1665 1563 1733 χερσί.
1642 1663 1876 1733 σμικρὸν

185 1748 246 1804 δὲ
294 1753 441 1820 χίλια
489 1759 699 1821 χρυσοῦ
747 1752 986 1804 τάλαντα
1026 1753 1117 1804 διὰ
1154 1753 1219 1804 τὰ
1260 1752 1528 1821 δισχίλια,
1567 1750 1659 1804 καὶ
1698 1747 1768 1804 αὖ
1807 1752 1874 1803 τὰ

183 1840 425 1908 δισχίλια
478 1841 573 1892 διὰ
625 1841 691 1892 τὰ
746 1840 963 1902 δεκάκις
1014 1846 1266 1893 τοσαῦτα.
1344 1838 1391 1892 5.
1442 1840 1532 1892 καὶ
1581 1839 1721 1902 ὅλως
1771 1839 1873 1892 οὐκ

183 1924 336 1980 ἔστιν
376 1927 404 1980 ὃ
444 1929 724 1996 ποιήσειεν
763 1927 832 1980 ἂν
871 1927 1232 1997 ἐπαινεθῆναι
1275 1929 1375 1996 τὴν
1415 1929 1610 1997 Τύχην.
1679 1927 1874 1981 ὁποῖον

302 2107 327 2145 6
358 2102 478 2147 Plat.
511 2103 652 2160 Hipp.
685 2103 793 2147 mai.
827 2119 872 2159 p.
900 2102 1039 2146 287ss
1205 2106 1231 2146 8
1264 2103 1382 2146 Plat.
1416 2102 1612 2147 Phaedr.
1646 2117 1691 2158 p.
1725 2107 1811 2147 254
1834 2102 1873 2146 Ε

250 2237 253 2240 ⁴
304 2270 328 2308 2
362 2262 624 2321 κιθαρίζειν
657 2261 766 2310 οἶδα
790 2266 865 2309 ΙΒ
892 2265 899 2323 Ι
928 2263 1251 2319 στρατοπέδων
1274 2264 1495 2322 ἡγεῖσθαι
1520 2266 1595 2308 IB
1704 2268 1729 2308 5
1762 2265 1873 2323 κᾶν]

183 2321 283 2367 ἀλλ’
313 2324 362 2368 ἐν
386 2325 460 2368 ΙΒ
489 2327 494 2380 Ι
523 2323 823 2383 καταβοήσειε
853 2323 1018 2380 scripsi
1042 2338 1066 2368 e
1091 2325 1134 2368 V
1190 2323 1454 2398 καταβοήση
1480 2323 1575 2368 ΡΠ
1595 2325 1643 2367 et
1673 2337 1698 2367 e
1730 2341 1874 2368 κατα-
1877 2355 1883 2360 -

182 2381 340 2484 βοήσει
365 2396 467 2426 corr
485 2384 616 2428 GpAp
684 2385 972 2442 καταβοῆσαι
988 2384 1062 2427 ΙΒ
1124 2382 1403 2442 καταβοήσει
1435 2382 1525 2426 edd
1626 2387 1652 2426 6
1667 2399 1716 2427 τε
1733 2397 1808 2427 om
1826 2385 1873 2428 B

221 2453 294 2484 err
309 2441 410 2485 Mor
502 2446 526 2485 7
559 2459 618 2486 αν
650 2444 758 2499 post
781 2442 921 2487 οὐδὲν
946 2443 992 2486 Β
1016 2444 1063 2486 et
1086 2442 1212 2486 inser
1234 2444 1262 2486 1
1275 2442 1291 2467 ³
1316 2443 1363 2486 et
1385 2441 1530 2485 Boiss.
1546 2441 1718 2486 Anecd
1730 2442 1871 2486 V392

183 2512 208 2543 e
238 2499 330 2544 Par
361 2505 446 2544 963
489 2503 494 2557 Ῑ
537 2502 661 2545 αὐτῶ
695 2503 740 2546 Β
773 2503 820 2544 et
850 2501 899 2544 in
931 2515 1005 2544 ras
1038 2502 1095 2545 1⁸
1125 2503 1172 2545 et
1203 2518 1258 2558 γρ
1290 2501 1392 2544 Mor
1421 2500 1471 2543 in
1502 2514 1636 2558 marg
1727 2502 1872 2545 αὐτοῦ

185 2557 341 2602 Gasda
372 2573 397 2602 e
419 2559 510 2603 Par
534 2564 648 2603 3016
677 2561 683 2619 Ι
713 2559 865 2615 στήσει
897 2560 1061 2616 scripsi
1093 2574 1118 2604 e
1144 2561 1188 2604 V
1265 2559 1426 2614 στήσαι
1449 2559 1619 2616 reliqui
1649 2559 1759 2603 libri
1790 2560 1873 2603 sed.

181 2617 233 2661 in
255 2619 302 2662 P
330 2619 493 2662 acutus
524 2619 594 2662 m²
624 2619 675 2662 in
705 2633 796 2674 ras,
828 2621 876 2663 et
899 2619 991 2662 edd
1111 2624 1136 2662 8
1170 2637 1226 2676 κη
1258 2619 1308 2662 in
1339 2618 1602 2676 κακήγορον
1633 2619 1683 2662 in
1706 2633 1781 2662 ras
1809 2618 1873 2664 0¹²

241 2676 501 2733 κατήγορον
543 2679 627 2723 VB
674 2680 721 2722 et
768 2696 823 2735 γρ
855 2678 957 2722 Mor
1003 2677 1053 2721 in
1098 2691 1232 2736 marg
1273 2679 1280 2737 Ι
1321 2676 1551 2734 μέμψεται
1587 2695 1643 2735 γρ
1683 2677 1786 2722 Mor
1822 2677 1874 2721 in

179 2737 371 2803 marg-1
421 2736 471 2780 δὲ
504 2750 579 2780 om
611 2737 657 2780 B
696 2739 744 2781 et
773 2754 828 2794 γρ
860 2737 963 2780 Mor
992 2737 1043 2780 in
1072 2751 1208 2795 marg
1247 2737 1254 2795 Ι
1297 2736 1320 2780 ὁ
1354 2737 1454 2794 μὲν]
1488 2735 1571 2793 μὲν
1603 2736 1627 2780 ὁ
1661 2738 1707 2781 Β
1739 2738 1786 2780 et
1816 2753 1871 2793 γρ

180 2793 284 2838 Mor
314 2794 364 2837 in
394 2807 530 2852 marg
678 2801 733 2840 15
766 2798 983 2840 διατοῦτο
1015 2797 1106 2840 ΡΒ
1250 2800 1304 2839 16
1335 2795 1509 2840 ταυτὸν
1540 2809 1566 2839 e
1596 2795 1739 2839 ταυτὸ
1771 2809 1874 2839 corr

182 2852 359 2956 gnie
335 2858 388 2897 16
422 2855 470 2898 et
502 2858 557 2898 17
589 2853 696 2912 (bis)
729 2854 894 2912 μικρὸν
921 2855 964 2899 V
1064 2859 1119 2898 18
1151 2854 1202 2899 δὲ
1234 2854 1283 2898 in
1316 2854 1660 2899 dubitationem
1690 2854 1876 2899 vocavit

214 2926 264 2955 1n
314 2912 386 2956 nis

1511 2987 1599 3030 23*

1897 1064 1940 1096 10

1898 1505 1941 1538 15

1898 1949 1942 1981 20
