2090 3162
715 96 941 140 LIBANII
973 96 1195 140 ORATIO
1229 97 1290 139 XI
1733 98 1837 148 431

166 237 251 286 τὸν
285 235 482 301 βασιλέα
515 236 654 299 ἥλιον
686 235 807 301 πρὸς
839 235 1176 294 σαλλούστιον;
1221 239 1286 284 19
1328 234 1599 300 ἀντιοχικὸς
1638 233 1670 300 ἢ
1711 250 1846 299 μισο-

165 311 367 376 πώγων;
416 313 482 357 42
525 311 780 373 θεμιστίου
821 309 1101 372 φιλοσόφου
1141 310 1437 374 βασανιστὴς
1476 308 1508 374 ἢ
1549 310 1846 373 φιλόσοφος;

169 386 235 432 58
277 392 362 432 τοῦ
402 383 554 432 αὑτοῦ
593 383 662 442 εἰς
700 382 784 432 τὸν
823 382 975 431 αὐτοῦ
1016 381 1196 449 πατέρα

277 459 359 507 fol.
396 460 462 506 64
505 458 779 521 λιβανίου
819 465 1105 519 σοφιστοῦ
1146 455 1482 522 ἀντιοχικός

281 534 347 579 95
411 531 666 595 θεμιστίου
717 538 954 594 σοφιστοῦ
1003 529 1085 579 καὶ
1139 529 1352 597 ἐπάρχου
1402 532 1543 596 λόγος
1593 530 1700 596 περὶ
1751 538 1847 579 τῶν

167 604 482 670 ἠτυχηκότων
521 608 617 653 κτλ.

282 682 382 726 175
426 678 712 743 ἰσοκράτους
751 677 997 727 ἐπιστολαί
1034 679 1131 727 des.
1171 679 1256 728 fol.
1293 681 1412 727 194.

281 753 539 801 Themistii
579 754 826 801 orationes
866 755 1079 815 exceptis
1120 753 1308 801 duabus
1350 770 1374 800 e
1414 754 1578 801 codice
1603 753 1846 801 Vaticano

169 845 236 891 gr.
296 829 398 876 936
464 827 731 889 descriptas
794 841 895 874 esse
949 827 1191 875 Henricus
1247 827 1457 875 Schenkl
1478 821 1518 894 ¹)
1581 827 1845 875 contendit.

167 901 364 948 Libanii
387 901 705 949 Antiochicus
738 917 762 948 e
786 901 900 948 Vat.
926 918 996 964 gr.
1026 902 1165 949 1883
1193 894 1262 967 (n.
1286 895 1377 967 77)
1410 901 1606 949 fluxisse
1638 902 1846 948 videtur.

281 975 503 1023 Codicem
546 990 673 1023 anno
717 975 857 1023 1868
897 975 1100 1037 inspexi.

280 1051 362 1097 37.
417 1049 747 1097 Vaticanus
795 1047 1237 1097 Ottobonianus
1287 1065 1365 1112 gr.
1410 1051 1511 1096 122
1562 1049 1846 1097 chartaceus
1882 1059 1935 1098 79

166 1124 352 1171 formae
392 1124 599 1184 quartae
639 1138 766 1171 anno
810 1125 951 1171 1620
991 1125 1216 1171 exaratus
1263 1123 1527 1171 secundum
1570 1123 1847 1185 inscriptio-

166 1214 278 1245 nem
308 1197 416 1246 folii
445 1201 496 1244 1:
528 1235 555 1253 „
569 1197 706 1246 Unus
738 1212 793 1246 ex
824 1198 1064 1246 codicibus
1095 1197 1397 1245 bibliothecae
1420 1196 1785 1256 Altempsiauae
1817 1212 1848 1245 a

166 1272 323 1319 Paulo
370 1273 534 1331 quinto
579 1286 733 1319 manu
779 1273 913 1332 reyia
959 1273 1160 1331 exceptis
1198 1287 1328 1319 nunc
1365 1285 1475 1319 vero
1514 1286 1545 1318 a
1585 1271 1665 1318 Io.
1704 1269 1848 1331 Auy.

168 1346 234 1393 ab
273 1344 349 1392 Al
357 1349 576 1404 taemps
614 1345 751 1393 Duce
779 1347 1001 1405 propriis
1037 1346 1307 1405 sumptibus
1344 1345 1622 1404 fideliss-ime
1661 1359 1716 1392 eae
1754 1346 1850 1392 ori—

163 1420 411 1480 qinalibus
451 1421 795 1478 transscriptiS,
833 1422 887 1466 ut
917 1419 1196 1467 bibliotheca
1224 1420 1481 1479 praedicta
1512 1422 1643 1466 tauto
1673 1420 1849 1467 honore

167 1496 269 1541 iam
292 1494 516 1541 decorata
547 1493 707 1552 quoad
727 1495 889 1552 potuit
917 1507 1015 1540 uon
1046 1496 1255 1541 carereff‘
1271 1486 1328 1558 ²),
1360 1495 1409 1540 et
1441 1492 1849 1554 subscriptionem

168 1567 277 1614 folii
316 1569 448 1614 459V
491 1565 555 1615 Τὸ
594 1564 726 1624 τέλος
764 1565 939 1614 τούτου
978 1566 1172 1630 βιβλίου
1219 1563 1578 1632 γεγραμμένου,
1625 1565 1716 1614 ἔτει
1761 1572 1848 1614 τοῦ

168 1639 375 1688 Παύλου
406 1637 626 1704 πέμπτου
657 1636 812 1705 ἄκρου
843 1637 1096 1706 ἀρχιερέως
1126 1647 1213 1704 τῆς
1243 1638 1604 1706 ἀρχιερωσύνης
1635 1635 1700 1695 ις’
1738 1655 1848 1688 con-

167 1714 295 1762 tinet
331 1714 554 1775 „Iuliaui
590 1713 856 1774 Apostatae
901 1714 1139 1775 quaedam
1180 1718 1346 1776 yrece“
1393 1707 1485 1781 (εἰς
1521 1711 1607 1762 τὸν
1652 1710 1851 1778 βασιλέα

154 1782 332 1836 Ἥλιον
378 1787 499 1851 πρὸς
538 1789 892 1851 Σαλουστῖνον,
940 1785 1217 1852 ἀντιοχικὸν
1262 1785 1295 1852 ἢ
1323 1781 1709 1854 -μισοπώγωνα),
1760 1787 1848 1836 Θε-

173 1861 364 1924 μιστίου
420 1860 707 1923 Φιλοσόφου
756 1859 1056 1925 βασανιστὴν
1106 1864 1157 1910 et
1202 1861 1272 1920 εἰς
1320 1860 1405 1910 τὸν
1458 1859 1611 1910 αὐτοῦ
1667 1858 1849 1927 πατέρα

171 1938 221 1983 et
258 1935 341 1982 fol.
384 1935 699 1983 128—209v
738 1936 1136 1984 AIBANIOY
1174 1936 1591 1984 ΣΟΦΙΣΤΟΤ
1621 1936 1849 1982 ΑΝΤΙ-

177 2009 278 2057 ΟΧ
285 2010 315 2056 Ι
318 2010 364 2056 Κ
380 2009 480 2056 ΟΣ
537 2025 682 2070 quem
743 2011 1014 2070 sequuntur
1065 2011 1246 2057 iterum
1299 2009 1556 2072 θεμιστίου
1610 2015 1848 2071 σοφιστοῦ

170 2080 278 2148 περὶ
323 2089 420 2130 τῶν
463 2079 777 2147 ἠτυχηκότων
815 2080 894 2131 ἐπὶ
940 2081 1198 2142 οὐάλεντος
1249 2083 1473 2145 aliaeque
1512 2084 1760 2131 orationes
1800 2084 1850 2130 et

167 2150 474 2220 Ἰσοκράτους
510 2154 768 2206 ἐπιστολαί.

240 2229 242 2233 ’
283 2229 443 2279 Codex
466 2246 581 2290 non,
611 2233 668 2278 ut
690 2229 931 2278 Henricus
957 2229 1167 2278 Schenkl
1181 2223 1223 2297 3)
1258 2229 1525 2292 contendit,
1556 2246 1581 2278 e
1604 2229 1848 2277 Vaticano

175 2305 297 2363 936,
335 2304 419 2351 sed
457 2320 482 2351 e
520 2303 764 2352 Vaticano
803 2321 874 2368 gr.
916 2305 1056 2352 1448
1096 2304 1369 2367 descriptus
1407 2306 1495 2352 est.

286 2378 367 2426 38.
414 2370 778 2426 Bodleianus
824 2378 1248 2426 Miscellaneus
1289 2379 1355 2426 57
1399 2371 1564 2443 (Auct.
1597 2377 1638 2424 E
1679 2379 1712 2424 4
1757 2370 1847 2443 12)
1881 2386 1939 2426 80

175 2445 319 2515 (Mus.
364 2452 445 2499 71.
514 2452 632 2500 olim
678 2451 778 2499 MS.
820 2467 845 2498 e
890 2452 1058 2500 Museo
1106 2446 1234 2518 123)
1288 2450 1608 2514 bombycinus
1661 2452 1848 2499 formae

174 2526 379 2586 quartae
427 2526 608 2573 saeculi
646 2525 778 2587 XIV,
824 2525 1028 2574 mutilus
1075 2541 1132 2574 ac
1177 2525 1320 2574 valde
1363 2539 1584 2574 corrosus
1631 2525 1849 2573 continet

295 2725 337 2780 1)
370 2723 499 2767 Stud.
531 2723 731 2769 Vindob.
763 2724 847 2768 XX
879 2729 977 2769 212.

293 2785 337 2839 2)
361 2781 427 2827 cf.
453 2781 599 2828 Catal.
625 2783 757 2828 codd.
781 2796 934 2842 graec.
960 2782 1177 2828 Ottobon.
1202 2782 1346 2840 praef.
1371 2798 1416 2840 p.
1441 2782 1602 2828 XXVI.
1658 2782 1848 2838 Zauelli,

174 2841 223 2885 la
251 2840 507 2886 biblioteca
535 2841 767 2887 Vaticana
796 2858 841 2900 p.
867 2846 936 2886 48.

294 2902 339 2958 3)
370 2899 498 2945 Stud.
522 2900 721 2945 Vindob.
753 2900 837 2944 XX
870 2905 967 2944 212.
