2090 3162
703 147 930 191 LIBANII
963 146 1185 191 ORATIO
1219 147 1281 190 XI
1725 147 1831 199 419

264 290 364 336 291
433 307 482 335 wc
567 286 909 352 πρεσβευτικὸς
947 286 1069 353 πρὸς
1108 285 1223 346 τοὺς
1261 287 1415 353 τρώας
1454 283 1575 350 ὑπὲρ
1616 293 1700 350 τῆς
1739 284 1833 335 ἕλε’-

151 381 242 425 νης
282 359 509 424 μενέλαος

270 438 399 484 295V
462 436 512 499 ιβ
587 434 738 497 νόμος
776 434 860 484 τὸν
900 434 1144 499 τύραννον
1184 433 1249 497 μὴ
1290 433 1570 482 θάπτεσθαι

265 512 395 558 301Ὓ
456 528 505 574 ιγ
580 508 731 571 νόμος
770 508 853 558 τὸν
892 508 1119 574 θορύβου
1159 506 1240 556 καὶ
1280 507 1487 566 στάσεως
1526 507 1683 557 αἴτιον
1713 506 1835 557 ἀπο-

150 583 389 646 θνήσκειν

260 657 379 705 Inde
413 673 442 705 a
481 657 602 704 folio
637 658 738 704 309
774 657 824 703 in
858 657 1029 704 charta
1067 673 1217 703 manu
1257 657 1438 704 saeculi
1470 656 1586 702 XIV
1620 657 1834 705 ineuntis

150 732 334 793 scripta
374 733 510 780 sunt:
1315 776 1317 778 .

451 804 501 852 ιδ
556 798 688 870 (add.
735 798 830 870 m2)
896 802 1010 867 μετὰ
1064 802 1121 851 τὰ
1180 801 1233 852 ἐν
1286 803 1542 869 χαιρωνεία
1597 804 1834 866 φίλιππος

149 877 343 941 ἐζήτησε
384 872 480 944 (IV
513 880 615 926 817
644 871 711 944 R)

265 954 396 1000 313v
458 949 513 1000 ιε’
570 946 703 1018 (add.
743 945 816 999 m²
855 952 1039 999 saeculi
1078 951 1169 998 XV
1210 952 1378 999 eadem
1419 967 1544 1013 quae
1595 971 1625 999 α
1677 967 1832 1013 usque

151 1045 222 1091 ty,
262 1045 309 1081 ις
351 1031 400 1074 et
439 1028 484 1084 ιζ
527 1028 579 1073 in
617 1027 840 1090 margine
879 1018 1099 1092 scripsit)
1147 1023 1371 1084 ἐκδοθεὶς
1418 1025 1640 1088 φιλίππω
1680 1025 1832 1089 δημο-

148 1098 332 1163 σθένης
370 1098 577 1162 ἀφεθεὶς
617 1096 668 1147 δὲ
708 1099 773 1163 μὴ
814 1098 1185 1162 πολιτευόμενος

260 1175 391 1221 325ν
453 1190 501 1229 ις
590 1171 925 1239 ἀντιρρητικὸς
975 1171 1096 1238 πρὸς
1145 1172 1230 1222 τὸν
1280 1170 1554 1238 ἀριστείδου
1602 1169 1830 1221 ὀδυσσέα·

148 1245 366 1311 ἆχιλλεύς
407 1241 606 1314 (titulus
645 1264 793 1294 manu
833 1249 1101 1295 recentiore
1143 1248 1352 1308 scriptus
1393 1240 1488 1312 est)

261 1322 402 1370 Folio
423 1323 527 1369 335
549 1321 648 1369 alia
670 1321 848 1383 incipit
870 1336 1042 1368 manus
1061 1322 1244 1369 saeculi
1260 1320 1378 1367 XIV
1397 1336 1494 1381 qua
1519 1321 1704 1382 scripta
1720 1323 1834 1369 sunt

429 1396 475 1453 ιζ
562 1392 851 1460 ἀφαιρεθεὶς
904 1393 1145 1458 ἀχιλλεὺς,
1208 1396 1345 1442 cuius
1405 1395 1585 1441 ultima
1646 1398 1833 1457 septem

148 1469 272 1516 folia
290 1463 629 1535 (340—346)
656 1469 825 1516 eadem
849 1484 998 1516 manu
1023 1483 1121 1530 qua
1141 1469 1427 1516 196—202
1448 1469 1677 1531 suppleta
1702 1471 1828 1518 sunt.

262 1542 491 1590 Codicem
532 1559 658 1590 anno
704 1544 844 1590 1870
885 1543 1162 1590 examinavi
1202 1544 1251 1590 et
1290 1559 1314 1589 e
1353 1544 1495 1604 parte
1534 1542 1733 1590 contuli.

259 1618 340 1664 24.
389 1617 727 1664 Marcianus
775 1633 851 1680 gr.
894 1617 999 1663 438
1049 1617 1334 1664 chartaceus
1388 1616 1576 1664 formae
1627 1619 1830 1665 octavae
1862 1625 1918 1665 66

146 1692 341 1738 saeculo
373 1691 465 1737 XV
497 1690 760 1754 diligenter
799 1693 1026 1739 exaratus
1065 1691 1184 1738 olim
1222 1689 1543 1752 Bessarionis‚
1576 1690 1660 1752 qui
1700 1705 1828 1738 anno

149 1765 289 1812 1468
341 1764 573 1812 basilicae
615 1763 661 1812 S.
700 1764 854 1812 Marci
894 1763 1113 1812 Venetae
1152 1763 1280 1812 dono
1321 1763 1456 1812 dedit
1471 1757 1535 1829 ¹),
1588 1764 1828 1812 continet:

259 1838 342 1885 fol.
377 1839 435 1885 2v
465 1837 690 1901 λιβανίου
723 1843 961 1900 σοφιστοῦ
1001 1836 1221 1901 μονωὸία
1251 1834 1330 1885 ἐπὶ
1363 1836 1593 1886 ἰουλιανῶ
1632 1837 1827 1887 πεσόντι

257 1912 314 1958 gv
352 1918 438 1959 τοῦ
476 1909 627 1960 αὐτοῦ
666 1909 744 1960 ἐπὶ
782 1917 847 1959 τῶ
886 1909 1017 1959 αὐτῶ
1057 1908 1312 1973 ἐπιτάφιος

259 1986 325 2032 58
367 1984 642 2048 λιβανίου
688 1991 976 2047 σοφιστοῦ
1021 1982 1312 2050 ἐγκώμιον
1357 1983 1441 2042 εἰς
1486 1981 1827 2048 ἀντιόχειαν

259 2060 324 2107 95
364 2064 451 2107 τοῦ
491 2056 643 2107 αὐτοῦ
682 2056 921 2123 ἐγκώμιον
959 2057 1028 2117 εἰς
1066 2057 1394 2106 κωνστάντιον
1432 2055 1514 2106 καὶ
1545 2056 1825 2107 κώνσταντα

259 2134 388 2180 127*
426 2138 513 2180 τοῦ
552 2130 704 2181 αὐτοῦ
743 2130 865 2198 πρὸς
903 2130 988 2180 τὸν
1026 2129 1223 2196 βασιλέα
1268 2130 1520 2181 ἰουλιανὸν
1558 2128 1680 2197 ὑπὲρ
1719 2129 1824 2199 ἀρι-

145 2204 426 2267 στοφάνους

260 2280 360 2327 138
403 2279 622 2343 μονωδία
671 2277 750 2329 ἐπὶ
799 2278 1087 2343 νικομηὸεία
1137 2276 1256 2345 πυρὶ
1294 2276 1375 2327 καὶ
1414 2281 1628 2342 σεισμοῖς
1673 2277 1824 2344 ἐκτρι-

146 2352 285 2420 βείσῃ

259 2428 386 2474 141ν
404 2426 622 2489 μονωδία
647 2424 724 2476 ἐπὶ
741 2433 804 2475 τῶ
829 2433 922 2475 νεῶ
939 2433 1025 2475 τοῦ
1049 2424 1330 2485 ἀπόλλωνος
1345 2423 1670 2488 ἀφανισθέντι
1689 2426 1821 2492 πυρί.

253 2500 364 2548 DeS.
403 2500 487 2548 fol.
531 2502 649 2550 143.
727 2500 1010 2563 Sequuntur
1049 2502 1293 2549 orationes
1333 2499 1688 2549 Demosthenis,

253 2574 326 2620 Ex
365 2572 533 2621 eodem
573 2590 669 2637 quo
699 2572 1004 2622 Matritensis
1042 2574 1235 2622 N—78
1269 2567 1339 2640 (n.
1366 2567 1460 2640 67)
1491 2573 1635 2622 fiuxit
1671 2575 1821 2624 fonte.

262 2717 305 2772 1)
334 2714 387 2758 In
428 2714 582 2759 indice
624 2715 836 2759 codicum
878 2715 938 2759 ab
969 2687 1171 2758 Heni-ico
1204 2713 1394 2770 Omont,
1436 2713 1696 2758 Inventaire
1739 2714 1820 2759 des

141 2774 418 2818 manuscrits
505 2787 580 2819 ecs
610 2776 659 2819 et
694 2773 837 2819 latins
869 2774 1044 2818 donnes
1076 2773 1105 2816 a
1135 2772 1417 2818 saint-Marc
1447 2773 1505 2818 de
1528 2772 1698 2818 Venise
1733 2786 1821 2830 par

140 2832 185 2877 le
225 2832 433 2877 cardinal
504 2833 729 2888 essarion‚
767 2832 959 2877 Parisiis
999 2835 1114 2876 1894
1144 2832 1318 2888 (Revue
1356 2832 1436 2876 des
1467 2831 1818 2889 Bibliothequee

140 2891 368 2936 Mai-Juin
401 2894 534 2949 1894)
578 2891 758 2949 publici
797 2891 912 2936 iuris
950 2890 1076 2935 facto
1117 2892 1188 2935 est
1215 2896 1259 2935 n.
1287 2894 1394 2935 298:
1441 2891 1554 2936 Item
1594 2892 1819 2936 orationes

142 2951 364 3008 quaedam
395 2951 589 2996 Libanii
618 2957 660 2997 et
688 2951 1012 3007 Demosthenis,
1044 2950 1096 2994 in
1119 2963 1302 3007 papyro
1333 2952 1394 3006 (p,
1421 2952 1506 3008 82).

214 3049 216 3051 ,
1463 3022 1552 3068 27*
