2090 3162
185 548 242 587 57

277 102 385 155 362
821 103 1047 147 LIBANII
1078 103 1300 148 ORATIO
1332 103 1417 148 VH

391 243 471 290 13.
519 242 833 290 Parisinus
880 259 950 306 gr.
993 245 1133 290 3016
1184 260 1306 292 saec.
1346 245 1437 292 XV
1483 246 1566 293 fol.
1609 247 1752 293 2117.
1830 246 1955 294 Vide

277 331 425 378 supra
463 334 509 378 p.
546 317 611 363 53
633 331 700 378 sq.
782 315 1002 364 Contulit
1041 315 1218 364 Gasda.

390 391 470 437 14.
522 390 969 438 Eseurialensis
1010 391 1282 440 T—II—-9
1325 407 1447 440 saec.
1487 393 1627 454 XVI,
1682 393 1955 455 descriptus

275 480 332 512 ex
373 464 585 511 editione
624 464 940 512 Ferrariensi.
1018 464 1142 511 Vide
1183 481 1331 527 supra
1369 483 1414 527 p.
1451 467 1533 514 67.

389 539 469 584 15.
502 537 886 586 Matritensis
919 538 1148 585 N-XLIX
1179 539 1501 601 bombycinus
1533 540 1717 588 formae
1748 543 1954 602 quartae

272 611 473 658 maioris
514 612 707 660 saeculo
746 612 864 659 XIV
904 614 1154 674 exaratus,
1194 615 1463 675 posteriore
1501 631 1653 661 manu
1691 617 1954 678 correctus,

272 685 469 733 madore
518 685 661 733 valde
709 687 934 748 affectus,
984 688 1203 734 eontinet
1248 690 1360 748 post
1406 687 1589 735 πίνακα
1634 695 1729 736 τῶν
1775 687 1955 738 ἐνθάδε

273 762 479 822 μελετῶν
518 759 743 822 λιβανίου
782 766 868 808 τοῦ
909 767 1146 823 σοφιστοῦ
1187 777 1216 807 a
1265 760 1663 809 Constantino
1710 762 1955 811 Lasoari

271 833 458 881 factum
499 826 604 897 (fol.
650 835 675 880 1
720 836 768 881 et
810 827 865 900 2)
1198 900 1199 903 Ἰ

381 908 465 954 fol.
494 908 523 954 3
557 905 796 955 εὐναπίου
835 906 889 956 ἐκ
927 914 1013 956 τοῦ
1052 908 1245 973 βιβλίου
1284 915 1370 957 τοῦ
1410 907 1822 975 ἐπιγεγραμμένου
1854 910 1954 975 βίοι

272 988 539 1043 σοφιστῶν·

454 1057 486 1102 4
551 1055 776 1119 λιβανίου
817 1062 1054 1118 σοφιστοῦ
1093 1054 1279 1119 μελέται

549 1127 763 1177 Διέσωσέ
801 1147 872 1188 τις
912 1128 1198 1195 ἐμπρησμοῦ
1241 1124 1369 1197 (739
1398 1125 1464 1198 R)

421 1204 485 1249 14
550 1202 692 1266 φήμη
733 1221 804 1261 τις
843 1204 907 1266 ην
946 1208 1166 1252 συνεῖναι
1205 1204 1289 1254 τὸν
1321 1203 1502 1271 πατέρα
1528 1199 1683 1272 (568)
1750 1202 1804 1269 β’
1843 1198 1951 1272 (m9‘,

269 1278 327 1324 ut
367 1279 623 1337 sequentes
663 1270 877 1369 numeri)

419 1351 484 1397 18
550 1350 693 1442 φήμη
733 1351 803 1409 τίς
843 1352 906 1414 ἡν
946 1355 1165 1400 συνεῖναι
1203 1351 1288 1402 τὸν
1327 1352 1563 1401 πλούσιον
1604 1347 1759 1420 (552)

418 1426 511 1471 227
550 1423 796 1490 ἐγράψατό
837 1444 908 1483 τις
946 1425 1031 1475 τὸν
1063 1424 1240 1474 ἑαυτοῦ
1278 1426 1432 1474 παῖδα
1463 1426 1764 1491 βουλεύσεως
1796 1421 1950 1494 (841)

417 1499 483 1545 27
546 1498 697 1562 νόμος
750 1500 814 1562 ήν
868 1497 984 1562 μετὰ
1037 1506 1124 1548 τοῦ
1177 1499 1423 1565 τυράννου
1477 1499 1559 1549 καὶ
1607 1499 1723 1559 τοὺς
1772 1501 1951 1560 παῖδας

295 1573 413 1633 799,
442 1571 530 1632 22)

268 1568 288 1638 (
402 1609 510 1693 ’V34
548 1646 699 1710 νόμος
737 1646 822 1697 τὸν
861 1644 1018 1713 ανὸρα
1055 1646 1146 1711 τὴν
1184 1651 1363 1713 προῖκα
1402 1641 1558 1714 (582)
1710 1664 1738 1703 ς

415 1722 510 1766 427
549 1718 665 1783 μετὰ
703 1721 867 1786 τροίας
906 1721 1086 1770 ἅλωσιν

414 1795 481 1841 49
546 1794 598 1842 οἵ
631 1794 937 1843 ποτιδαιάται
976 1793 1197 1858 ἀλλήλων
1236 1793 1491 1860 ἐγεύσαντο
1643 1802 1675 1859 ἧ

416 1867 510 1914 557
555 1868 720 1932 Τίμων
758 1867 883 1934 ἐρῶν
921 1867 1211 1933 ἀλκιβιάδου

416 1942 510 1989 607
549 1940 601 1990 ἐν
639 1943 860 2008 κορίνθω
900 1941 1099 2008 γέγονεν
1138 1941 1302 2008 ἑταίρα
1339 1942 1411 2001 τίς

414 2016 508 2062 647
546 2013 667 2080 ἔχων
705 2034 777 2075 τις
815 2017 995 2075 παῖδας
1034 2016 1125 2065 δύο
1163 2015 1285 2082 πρὸς
1324 2015 1409 2064 τὸν
1447 2014 1608 2082 ἕτερον
1647 2009 1804 2083 (669)

415 2090 511 2136 687
548 2089 849 2156 φιλάργυρος
889 2088 1113 2156 ἐρασθεὶς
1151 2089 1341 2156 ἑταίρας
1382 2083 1537 2157 (827)

416 2164 508 2210 737
547 2163 720 2227 Νόμος
759 2163 811 2213 ἐν
851 2164 1163 2228 λακεὸαίμονι
1201 2163 1286 2214 τὸν
1325 2163 1436 2212 εἴσω
1476 2163 1732 2230 τριάκοντα
1901 2159 1948 2228 ιγ

416 2238 480 2283 76
545 2237 718 2301 Νόμος
756 2237 1001 2303 τύραννον
1040 2237 1105 2302 μὴ
1146 2237 1428 2286 θάπτεσθαι
1579 2237 1628 2285 ἴδ

415 2312 479 2358 79
547 2306 860 2376 Ἀφαιρεθεὶς
899 2309 924 2359 ὅ
963 2309 1182 2376 ἆχιλλεὺς
1220 2318 1306 2375 τῆς
1345 2311 1598 2377 βρισηίὸος
1750 2305 1790 2358 ἴε

413 2384 479 2431 86
544 2385 904 2450 Πρεσβευτικὸς
942 2385 1066 2451 πρὸς
1103 2384 1219 2444 τοὺς
1257 2392 1432 2450 τρῶας·
1473 2382 1700 2448 μενέλαος

413 2458 479 2504 88
543 2458 886 2524 πρεσβευτικὸς
901 2458 1025 2524 πρὸς
1040 2458 1154 2518 τοὺς
1170 2466 1326 2525 τρῶας
1349 2455 1471 2524 ὑπὲρ
1497 2455 1683 2521 ἓλένης·
1710 2454 1946 2515 ὄδυσσεύς

413 2531 479 2578 95
543 2530 771 2596 ἐζήτησεν
810 2529 835 2580 ὅ
875 2533 1113 2595 φίλιππος
1151 2532 1236 2582 τὸν
1275 2529 1595 2596 δημοσθένην
1626 2558 1698 2565 —-
1727 2530 1897 2596 βωμόν

413 2605 507 2652 987
546 2605 802 2664 Δικάζεται
838 2606 1082 2655 ποσειὸῶν
1119 2603 1225 2672 ἅρει

378 2679 482 2725 100
544 2676 597 2726 ἐκ
634 2685 721 2727 τοῦ
758 2677 983 2728 ἐναντίου
1023 2677 1049 2729 ὅ
1088 2677 1211 2745 ἄρης
1359 2697 1388 2727 κ

378 2752 508 2800 1027
547 2750 668 2816 ἔχων
706 2771 778 2811 τις
816 2757 1026 2818 γυναῖκα
1064 2751 1146 2801 καὶ
1188 2749 1258 2801 ὢν
1296 2750 1393 2802 ὑπὸ
1433 2749 1577 2817 πατρὶ

379 2825 480 2872 106
545 2824 628 2884 τὰς
666 2826 863 2885 πλείους
900 2826 1110 2890 ψήφους
1147 2829 1341 2892 κρατεῖν

379 2899 480 2946 109
546 2897 660 2961 μετὰ
698 2897 757 2947 τὰ
794 2898 846 2948 ἐν
884 2899 1143 2966 χαιρωνεία
1179 2898 1365 2963 ἔπεμψε
