2090 3162
701 114 926 159 LIBANH
958 114 1298 159 ORATIONES
1733 116 1837 168 347

162 259 322 305 larum
362 257 699 304 collectionem
741 254 1136 316 Lacapenianam
1184 248 1362 321 (261),
1409 256 1580 303 deinde
1629 256 1841 304 alteram

165 326 299 398 (σξβ’
338 346 490 392 usque
531 329 591 376 ad
631 346 694 376 τπ
733 351 800 367 =
836 346 908 391 ep.
947 322 1111 394 1588)
1134 323 1174 394 1)

276 405 376 452 183
440 409 526 452 τοῦ
567 402 775 468 μεγάλου
822 402 1069 467 βασιλείου
1112 400 1234 467 πρὸς
1272 401 1386 460 τοὺς
1426 401 1567 462 νέους
1607 402 1738 462 ὅπως
1779 401 1840 451 ἂν

160 477 208 538 ἐξ
248 477 511 540 ἕλληνικῶν
551 474 815 538 ὠφελοῖντο
856 475 1013 541 λόγων
1163 475 1303 541 λόγος
1342 473 1387 523 α’

275 553 376 600 195
440 551 665 614 λιβανίου
681 556 918 612 σοφιστοῦ
942 548 1348 615 προσφωνητικὸς
1367 549 1596 599 ἰουλιανῶ
1651 550 1841 616 λόγοςβ

274 627 404 674 2027
442 623 762 689 αὐτοκράτορι
791 624 984 689 καίσαρι
1016 623 1184 689 μάρκω
1212 623 1428 689 αὐρηλίω
1459 652 1520 659 -—-
1549 624 1703 683 αἴλιος
1734 623 1840 690 ἀρι-

159 700 350 763 στείδης
388 698 570 763 χαίρειν

273 775 403 822 204ν
440 770 714 838 ἀριστείὸου
752 772 1023 820 παλινωδία
1061 769 1140 820 ἐπὶ
1180 770 1372 839 σμύρνῃ

274 850 405 895 209V
443 846 666 910 λιβανίου
706 852 941 908 σοφιστοῦ
988 845 1330 910 πρεσβευτικὸς
1369 845 1491 911 πρὸς
1530 845 1644 905 τοὺς
1684 854 1842 912 τρῶας

158 918 281 986 ὑπὲρ
320 918 486 983 ἕλε’νης
525 917 751 984 μενέλαος

274 996 376 1043 215
441 994 715 1058 λιβανίου
755 1000 1043 1055 σοφιστοῦ
1083 991 1215 1059 περὶ
1253 991 1579 1057 ἀπληστίας

274 1071 376 1116 217
438 1075 525 1117 τοῦ
564 1066 715 1116 αὐτοῦ
754 1067 980 1131 λιβανίου
1018 1065 1128 1131 περὶ
1176 1067 1364 1130 φίλων
1440 1068 1536 1116 des.
1577 1071 1754 1131 κοσμεῖ
1785 1066 1842 1116 τὰ

158 1142 349 1209 ῥήματα
387 1148 537 1190 ταῦτα
573 1141 659 1191 τὸν
699 1135 793 1206 (=
826 1141 850 1188 I
886 1142 1005 1202 253,
1035 1144 1060 1189 1
1090 1135 1171 1207 R).

270 1218 345 1264 Ex
405 1216 575 1264 eodem
634 1215 778 1262 fluxit
837 1216 1104 1278 exemplari
1167 1232 1262 1277 quo
1326 1216 1439 1263 Vat.

162 1285 229 1358 (v.
271 1306 419 1353 supra
458 1307 503 1352 p.
548 1283 691 1355 336).
771 1288 970 1337 Contuli
1011 1305 1139 1337 anno
1183 1290 1338 1337 1869.

271 1367 354 1412 41.
387 1364 610 1426 Denique
649 1364 740 1411 hoc
779 1364 886 1411 loco
926 1363 1251 1411 nominandus
1293 1366 1366 1410 est
1405 1363 1554 1411 codex
1594 1364 1678 1425 qui
1719 1365 1838 1411 olim

160 1438 408 1486 Antonii
459 1438 788 1501 Augustini
838 1438 1192 1498 archiepiscopi
1241 1438 1680 1485 Tarraconensium
1730 1437 1840 1498 fuit,

159 1513 245 1561 sed
283 1512 426 1559 hodie
465 1512 565 1559 iam
604 1527 702 1558 non
742 1513 933 1558 exstare
973 1511 1182 1571 videtur,
1222 1512 1323 1559 sive
1363 1512 1480 1573 quia
1520 1527 1630 1558 cum
1668 1511 1841 1573 pleris-

160 1603 254 1649 que
293 1586 427 1634 illius
468 1585 713 1633 codicibus
758 1585 809 1632 in
854 1585 1204 1633 bibliothecam
1243 1586 1635 1633 Escurialensem
1672 1586 1843 1633 illatus

160 1660 384 1708 incendio
440 1660 557 1707 anni
607 1660 743 1706 1671
796 1661 1112 1721 consumptus
1169 1661 1243 1707 est
1297 1660 1396 1707 sive
1452 1659 1571 1706 alibi
1624 1659 1787 1721 periit.
1801 1652 1841 1725 2)

1503 1233 1573 1279 gr.
1634 1216 1840 1264 1534A

1873 1374 1928 1413 56

160 1735 468 1782 Describitur
490 1734 542 1781 in
567 1733 794 1796 catalogo
826 1732 1150 1781 bibliothecae
1175 1733 1260 1795 qui
1285 1749 1413 1780 anno
1439 1736 1552 1795 post
1575 1733 1845 1797 Augustini
1882 1733 1884 1735 ’

159 1810 367 1857 mortem
389 1807 590 1870 prodiit,
613 1806 818 1855 Antonii
840 1805 1108 1868 Auyastirii
1136 1808 1575 1856 Tarraconen-sium
1597 1806 1844 1855 Antistitis

161 1883 462 1930 bibliothecae
500 1883 574 1929 M.
606 1880 654 1928 S.
692 1880 906 1929 Graecae
952 1882 1338 1942 anacephaleosi,
1390 1882 1664 1930 Tarracone
1710 1881 1845 1942 apud

159 1957 440 2016 Philippum
478 1957 596 2016 Mey
634 1955 897 2002 MDXXC
907 1955 1020 2003 VII
1037 1948 1104 2021 3),
1157 1955 1246 2003 sub
1293 1955 1708 2019 philologicorum
1754 1971 1844 2002 nu-

161 2046 295 2078 mero
339 2031 466 2077 237:

281 2275 322 2330 1)
356 2273 420 2317 Cf.
447 2273 516 2318 De
540 2272 726 2316 Libanii
750 2270 882 2315 libris
906 2272 1235 2330 manuscriptis
1254 2272 1413 2329 Upsal.
1440 2275 1486 2317 et
1504 2272 1691 2329 Lincop.
1710 2287 1754 2329 p.
1776 2277 1843 2316 14.

281 2335 324 2389 2)
357 2333 479 2376 Nam
516 2345 609 2375 non
641 2345 799 2376 omnes
832 2331 1014 2376 codices
1045 2331 1298 2390 Augustini
1336 2331 1673 2376 bibliothecam
1704 2331 1846 2375 Escu-

160 2391 408 2436 rialensem
438 2391 636 2435 intrasse
669 2391 875 2434 ostendit
898 2390 1215 2447 Valentinelli,
1248 2390 1381 2435 Delle
1412 2390 1696 2435 biblioteche
1721 2390 1846 2434 della

162 2450 351 2508 Spagna
381 2450 498 2506 (Act.
524 2450 667 2494 Acad.
693 2449 892 2493 Vindob.
926 2450 1132 2508 XXXIII)
1163 2452 1314 2508 (1860)
1345 2465 1390 2507 p.
1426 2454 1523 2493 135.
1580 2449 1670 2494 Sed
1702 2451 1847 2495 etiam

161 2509 284 2553 inter
326 2509 508 2554 codices
549 2508 677 2552 illius
721 2521 935 2566 gramm,
978 2522 1093 2564 quos
1138 2509 1196 2553 ab
1239 2509 1411 2552 Ioanne
1452 2509 1669 2566 Baptista
1706 2508 1846 2552 Tolra

163 2582 283 2612 anno
329 2572 442 2612 1594
485 2570 778 2624 comparatos
824 2567 1113 2613 bibliotheca
1153 2568 1426 2612 monasterii
1468 2567 1845 2612 cisterciensium

163 2627 331 2671 Santas
363 2626 529 2672 Cruces
559 2626 700 2671 hodie
732 2626 876 2670 diruti
908 2627 1090 2684 accepit
1113 2627 1421 2683 (Villanueva,
1445 2626 1581 2684 Viaje
1611 2627 1786 2671 literar.
1819 2640 1848 2670 a

162 2686 233 2729 las
263 2685 457 2743 Iglesias
490 2685 546 2730 de
578 2685 766 2742 Espafia
795 2687 828 2729 t.
862 2685 945 2728 XX
979 2689 1228 2742 120-130)
1266 2686 1343 2730 hic
1380 2685 1553 2730 frustra
1595 2687 1846 2742 quaeritur.

163 2744 408 2789 Dubitatio
438 2745 566 2802 prius
599 2744 715 2788 solvi
745 2758 838 2788 non
868 2745 1055 2801 poterit,
1089 2759 1229 2802 quam
1261 2744 1502 2802 catalogus
1532 2744 1849 2789 bibliothecae

163 2803 499 2853 Escurialensis
531 2817 559 2847 a
581 2803 777 2847 Nicolao
810 2804 869 2847 de
899 2803 947 2847 la
971 2803 1111 2848 Torre
1144 2803 1426 2861 compositus
1457 2804 1640 2862 integer
1668 2803 1848 2861 publici

162 2862 277 2906 iuris
309 2862 460 2907 factus
491 2862 564 2906 sit.

283 2923 327 2979 3)
358 2921 577 2978 Repetita
608 2922 679 2965 est
709 2921 759 2965 in
789 2921 1042 2978 Augustini
1073 2935 1179 2979 opp.
1212 2924 1244 2966 t.
1263 2921 1347 2966 VH
1377 2937 1421 2978 p.
1453 2925 1670 2966 29—161.
