2094 3202
886 447 978 500 VI.

203 574 428 635 Quinque
460 573 632 635 primis
658 572 961 620 orationibus
987 586 1111 632 quae
1137 570 1195 618 de
1220 570 1427 618 Libanio
1460 570 1567 632 ipso
1600 573 1772 634 agunt,

91 648 356 698 succedunt
400 649 500 695 tres
540 646 791 710 generales
830 647 910 693 vel
960 646 1162 705 ethicae,
1202 661 1328 707 quae
1375 647 1533 706 primo
1575 645 1771 706 quidem

92 725 292 784 aspectu
331 720 771 770 declamationibus
809 720 941 767 haud
980 719 1239 767 dissimiles
1280 733 1382 767 esse
1414 719 1658 779 videntur,
1696 735 1769 766 re-

90 813 208 845 vera
257 798 422 843 autem
474 797 522 842 et
574 794 710 856 ipsae
756 795 1065 856 propositum
1101 793 1286 841 habent
1324 795 1613 854 monstrare,
1653 793 1771 854 quid

91 870 326 918 Libanius
365 870 468 931 ipse
501 869 560 916 de
600 870 813 928 fortuna,
846 869 905 915 de
937 867 1124 915 divitiis
1155 867 1367 927 iniustis,
1400 867 1458 914 de
1489 868 1617 915 bono
1651 868 1772 914 ami-

97 960 264 992 corum
314 945 510 992 sentiat.
596 941 732 999 Quae
780 943 999 990 omnium
1044 942 1254 989 maxime
1302 942 1453 989 etiam
1498 941 1549 988 in
1597 942 1773 988 scholis

91 1020 333 1067 tractatae
373 1019 423 1065 et
461 1019 715 1078 excerptae
753 1017 979 1078 plurimis
1016 1015 1261 1063 codicibus
1295 1016 1358 1063 ad
1387 1017 1609 1063 nostram
1642 1018 1774 1062 aeta-

91 1095 193 1140 tem
223 1093 563 1154 pervenerunt.
627 1089 723 1146 Qui
755 1091 796 1138 si
827 1090 952 1137 nihil
991 1090 1127 1136 aliud
1165 1090 1261 1137 nisi
1299 1089 1387 1137 has
1423 1092 1522 1137 tres
1555 1090 1774 1137 oratiun-

92 1167 227 1214 culas
279 1167 565 1213 coniunctas
616 1180 727 1212 cum
766 1164 910 1212 certis
962 1163 1258 1225 quibusdam
1303 1164 1414 1212 aliis
1455 1163 1774 1223 orationibus,

92 1239 545 1300 declamationibus,
583 1238 1032 1301 progymnasmatis
1065 1239 1333 1298 continent,
1371 1237 1556 1286 nullius
1589 1253 1638 1284 se
1672 1253 1774 1286 esse

92 1313 242 1377 pretii
287 1313 447 1361 critici
490 1313 722 1374 produnt.
798 1312 907 1359 Hae
958 1313 1088 1359 enim
1134 1314 1233 1360 tres
1284 1312 1622 1374 oratiunculae
1668 1309 1776 1375 περὶ

94 1385 376 1450 ἀπληστίας,
417 1385 488 1435 ὅτι
519 1384 572 1434 τὸ
604 1389 832 1434 πλουτεῖν
863 1383 1043 1443 ἀδίκως
1074 1392 1161 1434 τοῦ
1193 1383 1428 1434 πένεσθαι
1459 1383 1776 1451 ἀθλιώτερον,

91 1459 201 1526 περὶ
254 1460 424 1518 πενίας
470 1461 572 1519 vel,
625 1463 682 1508 ut
734 1459 937 1508 inscribi
991 1463 1165 1522 coepta
1212 1462 1286 1507 est
1331 1457 1439 1524 περὶ
1491 1459 1674 1523 φίλων,
1729 1463 1778 1507 et

90 1532 499 1600 προσφωνητικὸς
526 1529 788 1601 Ἰουλιανῷ,
821 1534 1113 1582 declamatio
1138 1533 1479 1599 πρεσβευτικὸς
1509 1533 1632 1598 πρὸς
1662 1532 1778 1592 τοὺς

100 1611 267 1674 Τρῶας
304 1605 426 1674 ὑπὲρ
466 1614 553 1672 τῆς
585 1601 790 1671 Ἑλένης
822 1607 1102 1671 Μενελάου,
1141 1610 1581 1671 progymnasmata
1619 1607 1778 1673 ψόγος

98 1680 263 1748 ὀργῆς,
302 1680 420 1746 βοὸς
457 1680 714 1747 ἐγκώμιον,
757 1681 1006 1747 σύγκρισις
1045 1679 1199 1747 ἀγροῦ
1237 1679 1319 1730 καὶ
1357 1681 1558 1745 πόλεως,
1597 1680 1778 1747 ἐκφρά-

92 1770 193 1815 σεις
231 1755 418 1821 δρόμου
458 1763 555 1804 τῶν
593 1752 787 1822 ἡρώων,
828 1753 989 1821 ἑτέροις
1026 1763 1244 1821 γραφῆς,
1287 1754 1428 1822 ἔαρος
1466 1759 1783 1824 συγγραφικῷ

93 1836 379 1895 χαρακτῆρι,
432 1829 707 1894 καλανδῶν,
755 1827 937 1893 μέθης,
991 1827 1230 1894 πολέμου,
1285 1828 1440 1894 αὐλῆς
1484 1837 1571 1893 τῆς
1621 1828 1675 1879 ἐν
1719 1834 1783 1898 τῷ

94 1903 441 1973 βουλευτηρίῳ,
474 1904 800 1965 epistularum
831 1905 1054 1952 collectio
1078 1903 1425 1966 Lacapeniana
1454 1919 1574 1966 prae
1605 1905 1780 1952 ceteris

96 1977 295 2024 Libanii
325 1977 552 2039 operibus
592 1977 742 2042 digna
780 1977 999 2026 iudicata
1039 1981 1168 2039 sunt,
1207 1993 1334 2039 quae
1373 1978 1644 2041 praemissa
1674 1979 1779 2027 vita

98 2051 396 2113 Eunapiana
449 2052 501 2098 in
555 2052 777 2115 eclogam
821 2053 901 2100 vel
954 2052 1387 2100 chrestomathiam
1431 2052 1778 2114 reciperentur.

10 2167 14 2170 .
96 2123 258 2173 Codex
306 2127 473 2173 autem
519 2142 543 2172 e
593 2141 691 2187 quo
737 2125 859 2174 haec
913 2125 1070 2187 fluxit,
1116 2126 1371 2174 deterioris
1420 2128 1527 2173 erat
1572 2126 1779 2189 generis,

96 2213 360 2261 suspensus
401 2215 458 2246 ex
496 2200 782 2263 apographo
822 2200 909 2247 illo
942 2201 974 2259 Z,
1015 2200 1146 2262 quod
1183 2201 1236 2247 in
1275 2202 1533 2248 stemmate
1573 2203 1778 2262 quartae

96 2273 334 2321 orationis
385 2273 658 2321 indicatum
708 2275 794 2321 est.
873 2272 970 2321 Sed
1019 2290 1079 2321 ne
1121 2274 1243 2321 haec
1293 2274 1491 2335 quidem
1541 2274 1779 2335 opuscula

97 2346 262 2394 omnia
298 2347 350 2394 in
389 2347 637 2395 codicibus
675 2347 823 2394 huius
864 2348 1060 2410 generis
1101 2350 1315 2395 exstant:
1362 2347 1506 2395 modo
1545 2361 1780 2413 προσφω-

98 2419 316 2484 νητικός,
369 2421 515 2469 modo
570 2420 939 2486 πρεσβευτικός,
991 2421 1137 2470 modo
1191 2423 1630 2484 progymnasmata
1675 2423 1778 2470 sive

98 2493 262 2540 omnia
300 2494 402 2542 sive
439 2495 674 2556 pleraque
715 2497 898 2543 omissa
937 2497 1065 2544 sunt.
1126 2495 1285 2543 Multo
1316 2497 1476 2543 rarius
1508 2497 1684 2557 evenit,
1722 2498 1780 2543 ut

6 2611 13 2635 :⁷
103 2582 202 2614 una
232 2567 451 2616 alterave
483 2568 658 2630 oratio,
690 2569 845 2616 veluti
875 2569 1134 2618 monodiae
1168 2569 1244 2616 vel
1271 2567 1627 2635 Πρεσβευτικὸς
1657 2569 1780 2635 πρὸς

6 2659 12 2666 ’
98 2635 368 2691 Ἰουλιανὸν
406 2642 486 2708 vel
523 2640 880 2707 Πρεσβευτικὸς
913 2637 1181 2700 Ὀδυσσέως
1218 2643 1298 2691 vel
1334 2640 1597 2707 fissowoctoef
1643 2643 1780 2701 τίνας

5 2762 10 2771 ,
98 2709 161 2762 ἂν
190 2707 293 2762 εἶπε
323 2713 500 2780 λόγους
529 2715 691 2781 πόρνη
723 2714 1101 2782 σωφρονήσασα,
1133 2716 1406 2764 adderetur.
1458 2715 1601 2781 Quod
1625 2732 1779 2781 genus

2 2793 12 2811 ἲ
97 2787 318 2853 codicum
357 2789 782 2853 scholasticum
821 2783 892 2856 (s)
933 2790 1283 2852 appellandum
1321 2790 1459 2839 duco.

189 2965 387 2999 mems
411 2967 468 3000 ed.
491 2967 729 3000 Foerster.
769 2969 858 3000 1.11.
1458 2965 1512 3004 21
