2090 3162
223 112 332 164 394
778 113 1004 156 LlBANH
1037 112 1259 156 ORATIO
1295 113 1355 156 IX

335 250 383 299 4.
433 249 646 315 Ταύτην
686 250 785 315 τὴν
826 246 1020 316 ἑορτὴν
1061 247 1261 316 εὕροιτ’
1309 250 1395 317 ἄν,
1436 246 1476 301 ὦ
1518 249 1649 317 νέοι,
1690 250 1908 319 τεταμέ-

223 356 328 403 νην
368 334 455 403 ἐφ’
502 337 647 387 ἅπαν
688 335 822 388 ὅσον
861 336 893 403 ἡ
927 334 1202 403 Ῥωμαίων
1243 335 1377 404 ἀρχὴ
1418 336 1654 405 τέταται,
1695 339 1783 390 καὶ
1826 358 1907 391 κι-

222 426 399 476 νεῖταί
447 443 502 475 τε
554 422 778 486 ἕκαστος
827 424 917 476 καὶ
968 426 1143 493 χαίρει
1190 425 1277 476 καὶ
1325 424 1544 492 γέγηθε.
1623 428 1710 478 καὶ
1752 429 1803 478 εἰ
1840 429 1906 495 δὴ

222 510 292 580 ἧν
332 506 452 565 οἷόν
484 532 540 564 τε
581 514 918 579 κατεπείγειν
958 515 1162 581 χρόνον
1202 512 1537 581 ἀνθρώποις,
1579 515 1606 567 ὃ
1647 516 1771 583 περὶ
1811 516 1908 567 τὸν

179 624 198 656 5
224 604 381 670 ἥλιον
413 600 673 669 γενέσθαι
707 600 879 669 φησὶν
909 601 1016 653 ὑπὸ
1049 609 1143 668 τῆς
1162 599 1337 669 ’Ήρας
1371 601 1447 670 [ὁ]
1467 600 1717 672 Ὅμηρος,
1750 606 1908 671 κατή-

155 1069 197 1100 10

151 1512 194 1545 15

153 1955 195 1986 20

222 709 417 758 πειγον
456 689 525 742 ἂν
556 687 694 757 ἔθνη
736 710 792 742 τε
832 691 1044 742 ἅπαντα
1083 689 1172 742 καὶ
1213 692 1368 752 πόλις
1408 692 1588 743 ἅπασα
1625 691 1715 744 καὶ
1757 688 1907 754 οἶκος

222 780 359 841 ἄπας
409 778 499 831 καὶ
551 778 867 849 ἀνθρώπων
906 778 1144 840 ἕκαστος.
1223 779 1270 831 5.
1323 778 1486 832 ἀνθεῖ
1534 776 1593 831 δὲ
1640 779 1701 832 ἐν
1741 782 1906 832 ἅπασι

221 865 321 936 μὲν
360 867 392 935 ἡ
435 866 591 937 ἑορτὴ
631 868 867 934 πεδίοις,
909 866 969 919 έν
1009 868 1174 920 ἅπασι
1216 865 1276 919 δὲ
1316 870 1599 937 γηλόφοις,
1641 867 1701 921 ἐν
1740 870 1905 922 ἅπασι

223 957 282 1009 δὲ
323 957 475 1026 ὄρεσι
506 955 597 1008 καὶ
629 958 846 1024 λίμναις
877 955 967 1008 καὶ
1006 965 1285 1023 ποταμοῖς,
1326 956 1387 1010 ἐν
1420 950 1503 1020 οἷς
1534 958 1698 1010 πλοῖά
1729 967 1786 1010 τε
1816 957 1906 1010 καὶ

221 1045 503 1113 πλέοντες,
543 1046 633 1097 καὶ
673 1044 733 1097 έν
772 1053 836 1115 τῇ
877 1045 1121 1115 θαλάττῃ
1163 1044 1210 1098 δ’
1259 1047 1343 1113 ἄν,
1394 1047 1444 1098 εἰ
1479 1047 1549 1114 μὴ
1591 1047 1800 1108 ἄπλους
1838 1040 1907 1115 ἦν

219 1135 327 1187 ὑπὸ
382 1142 477 1202 τῆς
530 1135 674 1203 ὥρας
728 1135 759 1202 ἡ
814 1135 1081 1198 θάλαττα,
1137 1144 1356 1187 ναυτῶν
1402 1154 1459 1187 τε
1506 1133 1596 1187 καὶ
1653 1129 1907 1203 ἐμπόρων

219 1224 531 1290 τεμνόντων
555 1242 612 1274 τε
645 1223 784 1291 ὁμοῦ
817 1224 884 1275 τὰ
914 1223 1119 1291 πελάγη
1153 1222 1244 1276 καὶ
1278 1222 1659 1294 ἑορταζόντων.
1699 1222 1747 1274 6.
1771 1227 1907 1276 πανὲ

219 1318 386 1380 ταχοῦ
428 1308 488 1363 δὲ
527 1313 684 1385 πότοι
723 1310 814 1365 καὶ
854 1312 1108 1381 τράπεζαι
1141 1314 1506 1381 Συβαριτικαὶ
1538 1311 1627 1365 καὶ
1661 1312 1903 1380 γέλωτες.

220 1401 275 1452 αἱ
313 1397 415 1467 μὲν
453 1409 566 1452 τῶν
604 1400 950 1469 εὐδαιμόνων
988 1407 1256 1469 τοιαῦται,
1294 1409 1388 1469 τῆς
1428 1402 1690 1464 εἰωθυίας
1722 1401 1904 1454 δὲκαὶ

219 1488 252 1556 ἡ
291 1496 391 1542 τοῦ
430 1487 662 1557 πένητος
702 1488 955 1558 ἀμείνων.
1032 1487 1168 1559 ἔρως
1207 1490 1310 1558 γάρ
1351 1509 1433 1552 τις
1471 1491 1736 1558 λαμβάνει
1777 1493 1906 1553 τοὺς

219 1577 556 1645 ἀνθρώπους
595 1578 867 1646 δαπάνης,
908 1579 1045 1630 ὥστε
1083 1579 1180 1630 τὸν
1220 1578 1392 1631 ἄλλον
1430 1580 1633 1647 χρόνον
1671 1587 1734 1647 τῇ
1775 1583 1906 1631 συλ-

219 1669 355 1736 λογῇ
388 1667 671 1735 χαίροντες
702 1668 825 1719 τότε
857 1666 917 1719 έν
948 1666 1128 1737 κέρδει
1161 1667 1262 1735 τὴν
1294 1666 1573 1720 ἀνάλωσιν
1597 1674 1902 1735 ποιοῦνται,

218 1755 488 1824 πρότερον
520 1752 581 1807 δὲ
621 1756 879 1818 εἰωθότες
917 1756 1018 1823 τὴν
1056 1753 1293 1825 γαστέρα
1330 1756 1580 1819 κολάζειν
1618 1757 1736 1808 τότε
1777 1756 1905 1809 ὁπό-

219 1857 321 1895 σον
360 1842 495 1912 αὐτῇ
537 1843 805 1895 δύνανται
846 1846 1171 1913 χαρίζονται.
1236 1843 1282 1895 7.
1323 1844 1413 1896 καὶ
1444 1845 1506 1897 τὸ
1546 1842 1625 1896 ἔτι
1658 1845 1901 1913 κάλλιον,

220 1931 351 1984 οὐδὲ
389 1930 713 2000 μετεμέλησε
750 1931 1179 2001 κεχαρισμένοις,
1220 1932 1293 1994 ὡς
1332 1933 1399 2001 δὴ
1439 1933 1504 1985 τὰ
1545 1933 1729 1985 δίκαια
1767 1934 1905 2002 πρὸς

219 2020 392 2089 αὐτὴν
443 2020 586 2073 οὕτω
636 2023 1014 2089 πεποιηκόσιν.
1102 2015 1244 2074 εἶναι
1298 2021 1402 2090 γὰρ
1459 2020 1517 2074 ἐκ
1570 2029 1670 2074 τοῦ
1723 2023 1900 2089 νόμου

219 2117 421 2176 φαγεῖν
458 2128 515 2161 τε
564 2107 736 2162 πλέον
774 2110 865 2162 καὶ
914 2118 1078 2178 πιεῖν,
1128 2110 1218 2162 καὶ
1268 2111 1399 2172 τοὺς
1443 2117 1606 2162 τοῦτο
1657 2103 1903 2178 δρῶντας

220 2197 418 2259 ἱκανῶς
456 2197 689 2260 τούτους
727 2191 870 2250 εἶναι
909 2200 1039 2260 τοὺς
1078 2197 1111 2250 ἃ
1149 2196 1392 2265 βούλοιτ’
1431 2196 1501 2250 ἄν
1538 2198 1570 2266 ἡ
1612 2187 1777 2266 ἑορτὴ
1810 2217 1903 2250 πε-

338 2391 360 2429 1
395 2385 452 2429 ef.
485 2386 548 2430 IV
575 2390 747 2441 1053‚5
928 2367 1043 2430 3'cf.
1075 2386 1160 2429 1.1.
1196 2390 1367 2440 1053‚7
1549 2392 1574 2429 5
1607 2386 1656 2428 Π.
1692 2389 1839 2440 σ,·2.39

221 2449 274 2488 15
308 2444 364 2488 ef.
397 2445 482 2487 1.1.
519 2450 647 2500 1053,
666 2450 720 2488 10
901 2450 955 2488 21
990 2445 1046 2488 cf.
1079 2445 1164 2489 1.1.
1200 2449 1326 2498 1055,
1347 2449 1371 2488 9

338 2627 359 2665 1
396 2621 521 2677 εὕροι
551 2639 620 2673 τις
650 2621 789 2666 ΒΑΗ
940 2627 965 2665 3
997 2622 1055 2678 δὴ
1088 2624 1133 2666 Ρ
1177 2622 1258 2666 sed
1290 2621 1318 2678 ὴ
1350 2622 1398 2664 in
1431 2635 1504 2665 ras
1538 2622 1606 2665 m3
1689 2620 1734 2668 δ’
1773 2623 1840 2666 Va

218 2696 294 2725 om
324 2681 384 2725 N
411 2680 462 2724 in
498 2694 573 2725 ras
613 2682 810 2725 duarum
848 2681 1111 2724 listerarum
1260 2685 1285 2725 5
1325 2697 1353 2737 η
1386 2680 1435 2723 in
1475 2682 1616 2737 φησὶν
1649 2694 1705 2724 ex
1734 2698 1766 2724 α
1798 2695 1901 2724 corr

217 2739 274 2784 1²
308 2742 314 2796 Ι
349 2738 374 2783 ὁ
405 2740 455 2782 in
486 2739 829 2784 dubitationem
858 2741 1074 2784 vocatum
1106 2753 1134 2784 a
1166 2739 1345 2783 Sinteni
1378 2738 1632 2783 cancellavi
1752 2743 1785 2783 .9
1817 2739 1898 2783 καὶ

218 2799 278 2855 (3)
308 2812 387 2842 om
417 2800 453 2842 I
596 2803 651 2842 10
689 2815 721 2842 οι
759 2799 810 2842 in
846 2797 1072 2850 πλέοντας
1103 2812 1159 2843 ex
1190 2814 1211 2842 ε
1243 2812 1345 2842 corr
1376 2797 1434 2841 1²
1584 2803 1638 2843 15
1671 2815 1713 2848 ις
1735 2798 1800 2848 ⁴in
1829 2813 1900 2849 τις

216 2856 266 2900 in
289 2870 364 2902 ras
389 2857 460 2901 1³³
519 2874 563 2901 τι
587 2858 770 2903 AVaN
867 2862 920 2900 21
947 2874 974 2901 ν
998 2857 1048 2900 in
1070 2855 1374 2914 πεποιηκόσιν
1398 2857 1493 2900 add
1516 2857 1573 2900 1²
1679 2861 1734 2900 22
1759 2855 1898 2900 πλέον

217 2930 294 2959 om
324 2917 436 2960 ΒΜ
480 2918 486 2973 Ι
535 2923 688 2960 ποιεῖν
720 2918 755 2960 Ι
897 2921 952 2960 23
985 2915 1061 2971 ἑορ
1093 2916 1142 2959 in
1174 2915 1307 2972 ἑορτὴ
1339 2916 1388 2958 in
1419 2928 1493 2958 ras
1525 2915 1598 2959 ΡΞ
