2090 3162
216 94 324 145 408
785 93 1011 137 LIBANII
1043 92 1265 137 ORATIO
1298 93 1338 136 X

217 230 501 298 θορύβους
547 227 636 281 καὶ
684 227 744 281 ἐν
782 229 980 296 μηδενί
1024 247 1085 296 γε
1124 238 1234 281 τῶν
1273 237 1441 297 τριῶν
1479 230 1691 281 τούτων
1729 229 1902 297 μηδὲν

220 318 576 386 ἰσχυρότερον
626 311 767 369 εἶναι
817 325 916 369 τοῦ
957 319 1157 385 νόμου,
1207 318 1253 369 εἰ
1306 314 1366 369 δὲ
1417 325 1527 370 πᾶν
1581 317 1900 370 ἀσθενέστε-

220 426 319 475 ρον
366 414 459 473 τῆς
505 404 566 458 ἐν
615 403 818 476 ἑκάστω
875 409 1194 475 θεραπείας,
1250 413 1411 458 τοῦτο
1460 413 1598 473 γοῦν
1644 406 1901 473 ὑγιαῖνον

216 493 566 562 παρέχεσθαι.
667 493 750 546 25.
825 501 927 546 νῦν
990 493 1039 545 δ’
1108 495 1155 547 εἰ
1217 495 1288 563 μὴ
1351 495 1547 562 μείζων
1608 495 1695 547 καὶ
1766 494 1899 547 αὐτὸ

174 605 192 635 5
216 581 434 645 καθέξει
474 584 653 647 νόσος,
695 582 941 651 ἀτύχημα
980 589 1142 636 τοῦτο
1182 582 1438 651 κέκριται.
1501 582 1735 635 ἐπέδωκε
1777 584 1898 652 γάρ,

216 672 356 738 φασί
385 690 546 739 τινες,
587 672 664 733 εἰς
702 673 1176 740 πολυανθρωπίαν
1208 671 1240 739 ἡ
1273 674 1443 734 πόλις.
1507 670 1612 740 ἐγὼ
1646 668 1707 724 δὲ
1739 670 1898 739 ἐβου-

219 762 393 828 λόμην
432 760 533 828 μὲν
571 761 644 828 μὴ
683 760 776 821 τὰς
816 758 877 812 ἐν
916 768 1034 822 ταῖς
1065 761 1252 822 ἄλλαις
1285 761 1574 829 συμφορὰς
1605 759 1897 828 ηὐξηκέναι

215 849 426 916 σώμασι
466 850 566 916 τὴν
604 851 768 901 πόλιν
807 840 907 917 τῆν
946 847 1228 917 ἡμετέραν,
1280 847 1396 900 ἀλλ’
1443 846 1589 918 ἔχειν
1628 849 1728 918 μὲν
1781 847 1898 901 ἑκά-

215 951 349 1004 στην
403 939 531 999 τοὺς
586 937 804 1005 ἑαυτῆς,
861 934 1001 990 εἶναι
1058 934 1118 990 δὲ
1173 939 1303 1006 ἡμῖν
1357 935 1615 1000 ἐλάττους
1668 937 1700 1005 ἢ
1755 938 1897 990 οὕτω

147 1046 189 1078 10
213 1027 464 1088 πλείους·
537 1025 652 1078 ἐπεὶ
719 1026 779 1078 δὲ
841 1026 938 1088 οὓς
1000 1025 1252 1094 ἐξέβαλεν
1314 1031 1540 1079 οἴκοθεν
1600 1027 1660 1079 τὸ
1722 1035 1898 1088 κακῶς

210 1114 487 1183 πράττειν,
527 1111 679 1167 οὗτοι
721 1115 886 1182 δεῦρο
929 1117 1354 1183 συνερρυήκασι,
1393 1116 1464 1183 μὴ
1506 1115 1598 1167 διὰ
1637 1117 1800 1168 τοῦτό
1836 1134 1898 1182 γε

211 1202 341 1270 ἡμῖν
374 1207 631 1271 αἴρεσθαι
662 1201 815 1256 τουτὶ
848 1204 908 1255 τὸ
941 1202 1195 1272 θέατρον.
1251 1203 1336 1255 26.
1370 1203 1435 1256 οὐ
1469 1204 1573 1272 γὰρ
1608 1202 1762 1266 ἄξιον
1793 1204 1898 1271 τὴν

212 1289 434 1343 ἐκείνων
475 1292 547 1354 ὡς
586 1292 723 1360 ἡμᾶς
762 1293 1088 1361 καταφυγὴν
1127 1301 1242 1355 τοῖς
1276 1290 1590 1359 Ὀλυμπίοις
1633 1290 1896 1360 γενέσθαι

120 1390 268 1434 R270
300 1379 525 1448 βλάβην.
561 1381 567 1449 Ι
603 1378 720 1433 ἀλλ’
768 1379 1049 1450 ἱδρυέσθω
1099 1378 1200 1451 μὲν
1247 1381 1374 1451 τῇδε
1421 1381 1482 1433 τὸ
1536 1388 1748 1449 φεῦγον
1787 1379 1896 1433 ἐτέ-

145 1488 188 1521 15
213 1473 416 1538 ρωθεν,
466 1469 538 1537 μὴ
589 1470 1072 1538 προσαπολλύσθω
1126 1470 1187 1522 δὲ
1237 1477 1332 1537 τῆς
1381 1468 1571 1539 ἑορτῆς
1618 1469 1647 1522 ὃ
1688 1478 1797 1521 τῶν
1837 1467 1898 1521 ἐν

210 1556 347 1625 αὐτῇ
388 1556 686 1626 δρωμένων
725 1560 987 1625 πλείστην
1025 1559 1133 1627 ἔχει
1173 1559 1274 1626 τὴν
1312 1560 1626 1626 σεμνότητα.
1689 1557 1774 1609 27.
1815 1554 1895 1609 ἔτι

210 1646 407 1697 τοίνυν
439 1643 558 1697 οὐδ’
599 1643 688 1698 ἐπὶ
728 1655 839 1698 τῶν
877 1647 1110 1714 πρώτων
1150 1645 1375 1699 ἐκείνων
1416 1647 1468 1699 οὶ
1507 1646 1896 1710 καθιζάνοντες

208 1735 369 1799 μόνοι
408 1734 509 1801 τὴν
546 1736 710 1787 πόλιν
760 1733 961 1806 ᾤκουν,
1013 1733 1129 1788 ἀλλ’
1176 1737 1355 1788 ὄντων
1403 1735 1504 1787 οὐκ
1555 1735 1775 1802 ὀλίγων,
1827 1733 1893 1786 οὐ

208 1822 315 1890 γὰρ
348 1819 500 1874 ἔστιν
532 1821 620 1874 ὅτε
661 1822 726 1875 οὐ
766 1821 964 1876 πολλοὶ
996 1824 1097 1892 τὴν
1128 1826 1290 1876 πόλιν
1330 1822 1533 1896 ᾤκουν,
1573 1824 1638 1876 οὐ
1671 1824 1895 1885 πλείους

142 1908 242 1977 2οῆ
281 1917 558 1978 προσῆκεν
596 1912 829 1980 ἤρχοντο
880 1919 1051 1965 ταῦτα
1101 1911 1378 1979 ὀψόμενοι.
1455 1921 1569 1974 πῶς
1617 1907 1720 1965 οὖν
1759 1909 1893 1964 ἐκεί-

209 2018 325 2051 νων
373 1999 636 2052 εἰκόντων
682 2008 796 2062 τοῖς
842 2000 1187 2070 τεταγμένοις
1233 2001 1434 2053 τούσδε
1481 2002 1780 2069 τιμήσομεν
1827 2008 1891 2070 τῇ

208 2094 306 2139 τοῦ
331 2087 646 2157 πράγματος
678 2087 886 2159 ἀτιμίᾳ;
917 2099 1031 2152 πῶς
1056 2087 1107 2141 δ’
1138 2089 1275 2158 ἡμᾶς
1299 2088 1712 2157 ἀναγκάσουσιν
1736 2083 1891 2141 οὗτοι

207 2178 392 2243 μεῖζον
430 2185 611 2228 ποιεῖν
648 2184 747 2229 τοῦ
787 2177 1030 2246 θεάτρου
1069 2179 1130 2230 τὸ
1169 2177 1369 2247 μέτρον
1408 2177 1510 2230 οὐκ
1548 2176 1893 2244 ἀναγκάσαν-

207 2282 299 2326 τος
338 2271 436 2316 τοῦ
476 2266 597 2316 τότε
627 2267 880 2334 πλήθους
911 2268 1039 2328 τοὺς
1070 2268 1193 2319 τότε
1225 2267 1492 2335 ἄρχοντας
1522 2268 1705 2333 μεῖζον
1735 2273 1892 2333 ποιῆ-

143 2354 188 2405 2'5
214 2365 306 2403 σαι
353 2352 414 2404 τὸ
462 2353 724 2425 θέατρρν;
801 2353 886 2406 28.
934 2354 1001 2407 οὐ
1049 2358 1242 2408 τοίνυν
1288 2352 1408 2407 οὐδ’
1454 2352 1659 2406 ὁπόσον
1707 2352 1892 2421 μέλλει

328 2515 381 2554 19
415 2510 470 2554 ef.
504 2527 548 2568 p.
582 2516 681 2568 493,
706 2517 816 2568 4sq.

327 2662 351 2701 2
395 2658 437 2703 εἰ
465 2685 524 2691 -
555 2664 580 2702 3
613 2657 874 2714 θεραπείας
910 2660 1051 2703 verba
1090 2660 1305 2703 videntur
1348 2659 1502 2703 labem
1547 2660 1828 2703 contraxisse

212 2721 237 2761 ὲ
261 2735 290 2774 η
322 2717 370 2760 in
403 2717 462 2774 μὴ
490 2718 539 2760 in
562 2731 637 2761 ras
662 2718 733 2762 P⁸
853 2723 876 2761 '7
911 2719 993 2775 μὲν
1026 2733 1100 2762 om
1132 2721 1166 2763 Ι
1182 2719 1315 2777 Bong
1441 2723 1466 2762 9
1500 2717 1527 2774 ἢ
1561 2719 1615 2762 οὔ
1648 2734 1696 2775 γε
1730 2718 1886 2762 Gasda

269 2781 321 2819 11
349 2779 565 2821 διατοῦτο
590 2778 665 2821 ΡΙ
783 2782 836 2820 12
869 2777 1087 2832 αἴρεσθαι
1121 2778 1214 2822 ἔδει
1246 2778 1348 2822 coni
1372 2777 1439 2820 Re
1501 2775 1706 2831 αἰρέσθω
1732 2776 1887 2820 Gasda

206 2835 256 2878 et
287 2835 490 2879 Sintenis
620 2840 672 2878 17
705 2834 977 2888 καθίζοντες
1008 2836 1141 2894 Bong
1175 2865 1178 2867 -
1275 2841 1330 2880 23
1362 2843 1513 2881 ποιεῖν
1544 2862 1600 2868 -
1633 2841 1690 2879 24
1733 2838 1885 2892 μεῖζον

207 2907 284 2938 om
309 2895 341 2937 I
359 2893 492 2951 Bong
623 2899 678 2938 24
709 2902 862 2939 ποιεῖν
893 2895 959 2939 Re
