2090 3162
257 135 366 187 416
814 133 1039 176 LIBANII
1072 133 1293 177 ORATIO
1326 135 1388 177 XI

258 268 582 338 Ιςουᾍουλγου
613 276 713 321 iam
738 274 826 321 sub
851 274 898 321 N
901 274 1056 322 icolao
1075 274 1120 319 V
1145 274 1194 320 in
1226 275 1575 323 bibliothecam
1600 275 1939 338 Apostolicam

257 350 429 396 illatus
443 342 484 414 1)
525 349 743 396 continet

366 423 449 469 fol.
510 425 534 469 1
601 421 824 485 λιβανίου
887 428 1123 483 σοφιστοῦ
1185 420 1450 470 ἐπιστολαὶε
1514 439 1722 484 quarum
1776 426 1938 486 prima

256 495 486 561 κλεάρχω·
536 494 732 558 ἔμελλον
770 494 976 559 γράφων
995 488 1099 561 (l),
1140 496 1318 543 ultima
1350 490 1445 562 (ρι)
1485 493 1779 561 ἀνδρονίκω·
1830 492 1932 545 ἀλλ’

256 570 299 618 εἰ
335 567 415 617 καὶ
457 568 522 632 μὴ
559 563 690 636 (61).
752 570 938 633 Ecloga
979 571 1054 617 est
1092 570 1396 618 collectionis
1428 565 1869 637 Lacapenfflnaefl)

406 646 472 691 41
538 643 763 707 λιβανίου
803 642 1007 707 ῥήτορος
1046 641 1231 706 μελέται

536 716 773 774 δύσκολος
811 715 1042 764 ὤλισθεν·
1084 713 1109 764 ὃ
1149 721 1266 776 παῖς
1304 715 1475 782 παρὼν
1513 715 1700 783 ἐγέλασε

405 792 500 838 43¹³
538 790 776 848 δύσκολος
814 790 973 855 γήμας
1012 790 1157 839 λάλον

403 865 499 912 48γ
537 864 799 930 παράσιτος
838 862 917 913 ἐπὶ
957 864 1157 912 δεῖπνον
1196 863 1400 928 κληθεὶς

405 940 468 986 51
535 938 625 986 δύο
664 938 872 1003 γείτονες
911 930 1037 1001 ἦσαν
1076 939 1258 1003 πτωχοί
1295 933 1387 1005 (=
1429 938 1677 1005 φθονερὸς
1715 946 1802 987 τοῦ
1841 940 1933 1005 γεί-

256 1030 398 1071 τονος
437 1011 673 1075 ἐξαίφνης
712 1007 1096 1079 πλουτήσαντος)

405 1088 469 1134 57
535 1086 842 1151 φιλαργύρου
880 1090 996 1144 παῖς
1034 1084 1319 1151 ἀριστεύσας
1358 1082 1535 1154 ᾔτησεν

406 1162 470 1207 62
536 1158 733 1209 ὃιέσωσέ
771 1178 841 1218 τις
879 1159 1167 1224 ἐμπρησμοῦ

405 1236 469 1281 72
533 1232 877 1299 πρεσβευτικὸς
915 1233 1037 1300 πρὸς
1074 1233 1188 1293 τοὺς
1228 1241 1382 1300 τρῶας
1421 1232 1647 1297 μενέλαος

405 1309 470 1355 75
1419 1305 1653 1366 ὀδυσσεύς

402 1383 470 1429 84
532 1379 806 1447 ἀριστείδου
838 1380 1180 1448 πρεσβευτικὸς
1210 1381 1333 1447 πρὸς
1360 1380 1444 1430 τὸν
1475 1379 1665 1447 ἀχιλλέα
1697 1379 1933 1440 ὀδυσσεύς

406 1457 471 1503 89
535 1455 759 1519 λιβανίου
798 1451 1153 1521 ἀντιρρητικὸς·
1195 1453 1413 1520 ἆχιλλεύς

405 1531 470 1578 99
536 1527 653 1592 μετὰ
689 1529 780 1593 τὴν
818 1529 980 1595 τροίας
1019 1529 1199 1578 ἅλωσιν
1349 1527 1545 1594 ὀρέστης
1635 1587 1665 1610 a

370 1605 470 1650 106
537 1603 755 1666 μονωδία
793 1601 872 1652 ἐπὶ
909 1602 1196 1667 νικομηὸεία

371 1678 472 1725 108
794 1675 872 1725 ἐπὶ
910 1684 974 1725 τῶ
1015 1675 1066 1725 ἐν
1105 1683 1163 1740 τῆ
1203 1675 1371 1740 δάφνη
1411 1674 1504 1725 νεὼ

368 1752 470 1799 109
793 1748 871 1799 ἐπὶ
910 1750 1142 1799 ἰουλιανῶ

368 1827 469 1872 112
532 1823 787 1887 ἐπιτάφιος
826 1822 904 1872 ἐπὶ
945 1824 1174 1873 ἰουλιανῶ

367 1901 468 1946 139
532 1898 601 1956 εἰς
639 1898 918 1947 κώνσταντα
955 1897 1037 1947 καὶ
1076 1897 1403 1946 κωνστάντιον

368 1974 497 2019 157γ
533 1971 604 2030 εἰς
642 1970 892 2021 ἰουλιανὸν
931 1972 1118 2020 ὕπατον
1155 1971 1418 2037 γενόμενον

369 2047 498 2093 165V
535 2044 940 2111 προσφωνητικὸς
979 2045 1210 2094 ἰουλιανῶ

367 2121 469 2168 169
533 2118 654 2184 πρὸς
694 2117 945 2168 ἰουλιανὸν
982 2116 1104 2184 ὑπὲρ
1143 2117 1506 2184 ἀριστοφάνους

367 2195 468 2241 175
531 2193 873 2259 πρεσβευτικὸς
911 2192 1033 2258 πρὸς
1073 2191 1323 2242 ἰουλιανὸν
1362 2189 1482 2258 ὑπὲρ
1522 2190 1783 2257 ἀντιοχέων

367 2268 468 2314 182
531 2266 654 2332 πρὸς
691 2265 804 2325 τοὺς
843 2265 1077 2331 ἀντιοχεῖς
1114 2265 1224 2332 περὶ
1262 2273 1347 2330 τῆς
1385 2273 1471 2315 τοῦ
1510 2264 1742 2330 βασιλέως
1782 2263 1931 2332 ὀργῆς

369 2342 468 2387 187
531 2339 653 2405 πρὸς
690 2340 967 2391 θεοδόσιον·
989 2338 1110 2406 ὑπὲρ
1149 2348 1245 2389 τῶν
1283 2337 1542 2404 ἀντιοχέων

367 2416 468 2462 193
531 2413 653 2479 πρὸς
690 2413 774 2463 τὸν
813 2413 964 2464 αὐτὸν
1001 2412 1080 2462 ἐπὶ
1117 2418 1223 2473 ταῖς
1262 2414 1540 2478 διαλλαγαῖς

370 2488 471 2534 198
534 2487 656 2552 πρὸς
694 2487 809 2546 τοὺς
847 2485 1097 2552 ἀντιοχέας-
1131 2485 1252 2552 ὑπὲρ
1293 2487 1511 2552 ῥητόρων

373 2645 414 2700 1)
437 2643 488 2686 In
512 2644 768 2687 inventario
793 2643 938 2687 latino
963 2643 1084 2686 inber
1101 2643 1264 2687 Libros
1286 2643 1520 2687 rethoricos
1542 2643 1610 2686 ita
1628 2641 1925 2685 describitur:

252 2703 366 2746 Item
394 2709 538 2746 unum
569 2703 775 2747 volumen
805 2703 860 2745 de
889 2703 1037 2756 forma
1067 2702 1216 2746 media
1247 2702 1300 2745 de
1322 2701 1514 2757 papiro,
1552 2707 1777 2757 copem-tum
1808 2701 1927 2745 corio

251 2761 400 2816 rubeo,
417 2766 459 2805 et
472 2761 738 2806 intitulatur
746 2762 922 2805 Libani
930 2762 1148 2816 Epistole,
1173 2761 1515 2805 declamationes
1537 2765 1577 2804 et
1600 2760 1824 2804 orationes
1839 2760 1928 2802 alie

253 2819 456 2876 (Muentz
487 2821 536 2863 et
564 2819 733 2874 Fabre‚
773 2820 839 2863 La
869 2818 1195 2874 Bibliotheque
1234 2819 1296 2862 du
1325 2818 1526 2862 Vassican
1565 2832 1626 2862 au
1655 2818 1758 2862 XV0
1788 2816 1927 2860 siecle

251 2892 298 2934 p.
321 2880 436 2935 335).
483 2878 535 2921 In
568 2878 782 2935 catalogo
806 2877 1130 2935 Rehdigerano
1163 2877 1337 2934 (Sei-ap.
1363 2877 1447 2920 XII
1478 2892 1522 2933 p.
1551 2879 1652 2934 147)
1684 2878 1755 2920 est
1784 2891 1827 2919 n.
1855 2879 1923 2918 69.

371 2939 416 2994 2)
449 2935 514 2981 Cf.
546 2937 615 2982 De
645 2937 831 2981 Libanii
859 2936 992 2980 libris
1022 2936 1350 2992 manuscripssis
1381 2935 1539 2992 Upsal.
1571 2951 1615 2992 p.
1645 2939 1711 2980 14.
