2090 3162
249 150 354 202 438
796 149 1021 191 LIBANII
1053 148 1273 192 ORATIO
1306 149 1367 192 XI

248 287 317 353 μὴ
365 286 460 337 τὸν
506 283 791 352 ἐπαινέτην
846 287 1114 351 ζητοῦσιν,
1171 283 1444 351 εὐφημίαν
1497 285 1600 352 γάρ
1655 283 1762 351 ἡδὺ
1816 285 1915 351 μὲν

249 373 499 440 ἀκοῦσαι,
554 380 884 441 μνηστεῦσαι
939 373 999 424 δὲ
1052 377 1178 433 ἴσως
1233 371 1547 440 ἀβέλτερον·
1602 370 1694 440 ἐμὲ
1749 369 1807 424 δὲ
1853 373 1913 424 τὸ

248 464 484 528 ἔγκλημα
536 461 936 528 καταλαμβάνει
992 470 1204 527 σαφῶς,
1260 460 1343 511 ὅτι
1398 460 1463 528 δὴ
1518 459 1647 529 χρέα
1694 461 1915 513 πάντων

247 548 563 617 ἐντιμότατα
609 554 929 601 καταθεῖναι
977 547 1104 600 δέον
1153 548 1325 610 εὐθὺς
1373 550 1448 610 εἰς
1488 550 1612 600 τόδε
1652 547 1916 617 ἐμέλλησα

203 659 220 690 5
246 636 334 689 καὶ
374 638 494 706 περὶ
534 637 633 705 μὲν
673 645 781 688 τῶν
813 638 994 689 ἄλλων
1027 636 1191 688 οὐδὲν
1223 635 1542 704 ἐπαυσάμην
1573 635 1633 689 ἐν
1663 646 1727 707 τῇ
1759 640 1914 690 πόλει

245 724 434 793 λέγων,
474 726 570 778 τὸν
606 724 652 777 δ’
695 727 770 787 εἰς
802 724 971 792 αὐτὴν
1004 725 1103 792 τὴν
1135 726 1296 776 πόλιν
1330 723 1698 793 ἀναβέβλημαι
1730 728 1914 793 λόγον,

248 814 424 882 ὥσπερ
457 833 538 875 τις
570 811 789 881 ἑτέρους
819 810 920 879 μὲν
951 811 1012 865 ἐν
1045 813 1360 880 ὀφθαλμοῖς
1391 819 1484 880 τῆς
1515 814 1714 882 μητρὸς
1751 820 1916 884 θερα-

242 903 440 969 πεύων,
481 902 647 968 αὐτῆς
688 902 748 954 δὲ
788 900 995 970 ἐκείνης
1034 904 1362 969 καταμελῶν.
1426 901 1473 953 3.
1513 900 1603 954 καὶ
1642 903 1751 971 μὴν
1789 901 1906 955 οὐδ’

154 1003 194 1044 R
216 1006 298 1045 276
331 990 504 1042 ἐκεῖνό
539 993 544 1054 Ι
581 1008 641 1057 γε
688 990 919 1057 εὔλογον
957 990 1101 1059 παρὰ
1145 989 1245 1057 μὲν
1292 989 1446 1058 ὑμῶν
1485 988 1776 1058 ὁμολογεῖν
1814 992 1914 1059 τὴν

177 1099 217 1131 10
242 1078 435 1147 τέχνην
473 1076 633 1147 ἔχειν,
673 1075 810 1146 ὑπὲρ
852 1074 912 1130 δὲ
950 1087 1061 1130 τῶν
1093 1078 1414 1130 δεδωκότων
1444 1079 1515 1146 μὴ
1548 1084 1787 1147 χρῆσθαι
1818 1081 1916 1132 τὸν

244 1169 481 1234 λαβόντα
519 1174 582 1236 τῇ
616 1166 795 1236 τέχνῃ,
836 1165 953 1219 ἀλλ’
993 1165 1053 1219 ἐν
1084 1163 1183 1235 μὲν
1214 1175 1332 1229 ταῖς
1363 1165 1442 1219 ἐπ’
1483 1166 1684 1238 ἀγορᾶς
1716 1181 1914 1220 συνου-

242 1257 407 1323 σίαις,
455 1255 563 1326 ὅσῳ
603 1255 697 1317 τὰς
744 1256 908 1317 ἄλλας
950 1261 1093 1324 νικᾷ,
1141 1256 1432 1324 δεικνύειν,
1479 1256 1678 1318 ταύτας
1724 1252 1784 1308 δὲ
1822 1257 1914 1318 τὰς

240 1343 540 1407 ἀποδείξεις
577 1345 649 1412 μὴ
689 1347 954 1412 τολμῆσαι
990 1351 1215 1412 ποιῆσαι
1254 1346 1486 1411 βιβλίον.

346 1433 393 1484 4.
461 1433 644 1499 Οὔσης
699 1433 758 1485 δὲ
811 1433 1077 1500 τοσαύτης
1132 1431 1410 1500 ἀφθονίας
1462 1439 1535 1504 τῷ
1592 1431 1911 1504 βουλομένῳ

176 1539 217 1572 15
241 1519 555 1590 μέμφεσθαι
592 1521 692 1589 τὴν
732 1522 892 1589 σιγὴν
925 1520 1067 1589 ὅμως
1100 1523 1182 1573 ἔνι
1213 1539 1294 1582 τις
1329 1520 1595 1590 ἀπολογία
1625 1528 1689 1590 τῇ
1722 1529 1912 1590 σιωπῇ.

242 1609 307 1661 οὐ
360 1611 462 1677 γὰρ
517 1609 577 1661 τὸ
632 1609 702 1677 μὴ
760 1608 939 1676 λέγειν
994 1607 1291 1676 ἐγνωκότος
1343 1605 1413 1677 ἦν
1467 1610 1558 1661 διὰ
1603 1607 1795 1671 τέλους
1840 1610 1911 1677 μὴ

243 1695 438 1765 λέγειν,
485 1695 601 1749 ἀλλ’
649 1696 858 1766 ἐκράτει
896 1694 997 1765 μὲν
1036 1698 1226 1764 εἰπεῖν,
1274 1695 1334 1749 ἐν
1382 1697 1442 1749 δὲ
1487 1704 1560 1768 τῷ
1602 1696 1913 1765 διαμέλλειν

237 1781 308 1853 ἦν
357 1805 436 1847 τις
486 1784 638 1848 ἐλπὶς
688 1788 846 1854 μείζω
895 1787 994 1854 τὴν
1034 1786 1271 1852 δύναμιν
1309 1787 1532 1838 ἔσεσθαι
1572 1793 1670 1838 τοῦ
1710 1788 1910 1854 χρόνου

237 1873 630 1942 προστιθέντος
660 1882 723 1944 τῇ
761 1872 934 1944 τέχνῃ.
997 1873 1043 1926 5.
1084 1882 1349 1941 τιμῶντος
1381 1869 1484 1926 οὖν
1514 1870 1600 1943 ἦν,
1640 1874 1705 1926 οὐ
1739 1874 1912 1944 ῥᾳθυ-

171 1983 212 2014 20
236 1969 488 2031 μοῦντος,
527 1960 617 2015 καὶ
655 1971 880 2031 κοσμεῖν
919 1961 1326 2031 ἐπιθυμοῦντος
1363 1963 1606 2030 κάλλιον,
1647 1961 1763 2016 ἀλλ’
1810 1963 1910 2030 οὐχ

242 2049 382 2114 ὅλως
425 2052 485 2103 τὸ
533 2059 758 2119 κοσμεῖν
804 2052 1110 2119 φεύγοντος
1148 2051 1180 2119 ἡ
1219 2049 1374 2120 μέχρι
1412 2051 1575 2103 τοῦδε
1622 2052 1771 2118 σιγή,
1820 2049 1909 2102 καὶ

238 2138 538 2208 πέπρακται
568 2139 668 2207 μὲν
693 2139 770 2201 εἰς
793 2140 923 2202 τοὺς
948 2141 1150 2207 λόγους
1172 2137 1341 2192 πλέον
1365 2137 1546 2207 οὐδέν,
1581 2139 1652 2201 ὡς
1684 2137 1908 2207 ἀρκέσαι

354 2362 378 2400 2
410 2355 612 2413 ἀνόητον
654 2370 794 2413 supra
832 2355 1073 2415 ἀβέλτερον
1105 2356 1174 2401 B²
1323 2362 1348 2400 3
1378 2356 1462 2414 χρὴ
1495 2356 1596 2400 Mor
1746 2361 1772 2399 4
1804 2373 1828 2400 ο
1860 2357 1909 2400 in

236 2414 506 2487 ἐντιμότατα
544 2415 593 2458 in
625 2429 699 2459 ras
731 2415 796 2460 Ρ2
844 2418 850 2471 l
901 2415 946 2466 ἐς
978 2416 1042 2460 Ca
1084 2417 1090 2472 Ι
1131 2414 1238 2460 τόδε
1268 2417 1334 2469 A,
1373 2432 1428 2472 γρ
1462 2421 1596 2459 τοῦτο
1638 2415 1686 2458 in
1718 2429 1851 2473 marg

236 2477 262 2516 8
295 2475 324 2517 δ
376 2474 444 2517 Re
485 2474 491 2532 Ι
534 2471 638 2519 οὐδ’
683 2488 739 2518 ex
777 2474 884 2518 οὐδὲ
925 2489 1024 2518 corr
1058 2474 1116 2518 1²
1205 2474 1313 2518 οὐδὲ
1354 2475 1458 2518 ΜΒ
1622 2478 1647 2517 9
1689 2473 1788 2531 μὲν]
1829 2474 1908 2517 καὶ

236 2532 337 2576 Mor
457 2537 510 2576 12
533 2530 554 2547 ’'
587 2534 634 2577 et
665 2550 720 2583 ας
750 2533 798 2576 in
830 2532 987 2587 ἄλλοις,
1019 2550 1094 2576 νικ
1124 2533 1172 2578 in
1204 2539 1311 2577 νικὸι
1336 2534 1383 2576 et
1414 2534 1484 2576 δει
1515 2532 1564 2575 in
1589 2533 1820 2577 δεικνύειν
1843 2533 1908 2577 P²

237 2590 286 2634 in
316 2604 391 2634 ras
541 2596 595 2635 15
627 2589 696 2644 τίς
725 2591 846 2636 ΑΙΒ
997 2597 1050 2635 16
1082 2599 1164 2636 τοῦ
1196 2591 1263 2634 Re
1294 2605 1320 2635 e
1352 2593 1436 2636 Mo
1517 2591 1568 2635 τὸ
1600 2591 1769 2647 reliqui
1799 2591 1908 2634 libri

235 2649 336 2693 Mor
366 2651 412 2693 et
442 2649 743 2694 restituerunt
765 2650 926 2694 Iacobs
957 2650 1006 2693 in
1030 2649 1283 2706 exemplari
1313 2650 1362 2694 ei)
1383 2650 1506 2693 Lect.
1527 2654 1610 2694 339
1636 2652 1683 2694 et
1708 2649 1905 2694 Cobetus

235 2708 402 2753 Mnem.
435 2707 477 2751 V
509 2713 591 2752 106
623 2708 751 2765 (coll.
787 2711 888 2765 102)
938 2711 944 2765 Ι
994 2707 1230 2759 διατέλους
1262 2710 1345 2753 Mo
1497 2712 1550 2752 18
1589 2707 1657 2760 τίς
1687 2710 1847 2753 ΑΙΜο

237 2771 291 2810 19
323 2764 426 2824 οὖν]
466 2765 547 2823 μὲν
579 2764 662 2812 οὖν
690 2767 863 2812 MBOa
936 2767 1018 2823 μὲν
1045 2770 1128 2812 Mo
1258 2771 1313 2811 20
1345 2764 1444 2810 ἀλλ’
1472 2781 1547 2811 om
1573 2769 1635 2812 M
1750 2771 1803 2811 21
1837 2766 1908 2810 κεί

235 2825 395 2870 Iacobs
426 2825 455 2868 l.
480 2825 509 2868 l.
630 2831 684 2870 22
717 2826 777 2882 μὴ
802 2825 903 2870 Mor
961 2827 1086 2882 quod
1109 2840 1208 2876 corr
1231 2826 1300 2870 Re
1315 2825 1453 2869 Anim
1479 2826 1486 2884 Ι
1513 2823 1615 2870 οὐδ’
1646 2826 1685 2871 G
1710 2825 1792 2869 sed
1815 2825 1903 2868 del.

235 2885 284 2928 et
319 2884 369 2927 in
405 2897 539 2942 marg
577 2885 714 2928 οὐδὲν
751 2899 848 2941 pos.
880 2899 922 2939 8,
964 2887 1025 2929 M
1059 2885 1139 2929 sed
1179 2884 1318 2930 οὐδὲν
1358 2897 1583 2940 suprascr.
1616 2884 1698 2938 m',
1739 2885 1784 2928 Β
1824 2884 1905 2928 sed

234 2955 395 2987 rasura.
426 2957 526 2987 corr
556 2956 611 2986 ex
641 2943 794 2995 οὐδὲν,
823 2943 975 2988 MoCa
