2090 3162
249 121 355 172 396
800 120 1027 163 LIBANII
1060 119 1282 164 ORATIO
1315 120 1377 163 IX

249 258 319 318 ὡς
360 250 480 308 οἷόν
522 276 587 317 τει
625 255 950 324 ἐλευθερίαν
990 255 1236 324 φέρουσι.
1313 258 1407 308 καί
1450 258 1559 309 πού
1606 279 1657 309 τι
1704 256 1794 310 καὶ
1841 258 1930 328 ρᾳ-

248 348 500 413 θυμήσας
533 343 742 411 οἰκέτης
774 342 924 406 ἔδοξε
956 340 1056 410 μὲν
1090 344 1318 412 ἀδικεῖν,
1356 347 1536 413 πληγὴ
1570 343 1630 398 δὲ
1663 346 1930 415 οὐδαμοῦ,

248 432 384 485 ἀλλὰ
423 432 526 484 κᾶν
565 430 731 500 ἔργον
770 434 968 501 φυγὼν
1007 436 1440 502 προσκαθίζηται
1472 435 1679 502 κύβοις,
1719 436 1752 502 ἡ
1792 436 1932 503 πρὸς

247 523 340 582 τὰς
388 520 586 589 ἡμέρας
626 522 793 583 αἰδὼς
841 519 1132 591 ἐξῃτήσατο
1172 522 1270 574 τὸν
1309 523 1626 590 ἄνθρωπον.
1709 523 1790 575 12.
1838 524 1929 576 καὶ

203 631 222 662 5
249 610 315 676 δὴ
356 608 446 661 καὶ
488 610 642 672 δίκας
682 609 955 678 ἀνέβαλον
993 609 1082 662 καὶ
1121 611 1338 679 γραφὰς
1376 612 1466 663 καὶ
1498 614 1758 677 τιμωρίας
1787 614 1928 664 κλεί-

248 713 408 750 σασαι
447 699 819 767 δικαστηρίοις
858 699 958 765 μὲν
996 700 1200 767 θύρας,
1240 701 1567 769 κατηγόροις
1605 701 1666 753 δὲ
1704 701 1770 752 τὰ
1809 702 1931 753 στό-

247 806 401 855 ματα.
465 787 667 855 ἡδονῆς
705 807 757 839 τι
796 786 886 840 καὶ
927 786 1009 840 ἐπ’
1049 788 1186 840 αὐτά
1217 808 1309 854 μοι
1351 788 1581 840 δοκοῦσι
1620 791 1685 841 τὰ
1726 790 1931 858 δεσμω-

246 877 404 943 τήρια
454 875 700 944 πέμπειν.
779 878 872 928 καί
918 894 1050 928 ποτε
1100 878 1200 929 τὸν
1247 875 1328 929 ἐπ’
1377 876 1564 938 αὐτοῖς
1602 877 1934 945 τεταγμένον

158 976 199 1018 R
227 981 310 1019 259
343 965 569 1033 ἠρόμην,
611 963 700 1034 εῑἸ
733 984 786 1016 τι
825 965 915 1017 καὶ
955 963 1127 1018 ἐκεῖσε
1166 973 1259 1034 τῆς
1299 963 1489 1034 ἑορτῆς
1525 967 1749 1034 ἔρχεται.
1811 965 1839 1018 ὁ
1873 967 1935 1019 δὲ

180 1074 222 1105 10
246 1050 419 1121 ἔφησέ
470 1073 525 1105 τε
583 1053 721 1106 ἰέναι
776 1052 865 1106 καὶ
921 1054 1205 1106 δεικνύναι
1258 1055 1359 1121 τὴν
1414 1052 1610 1122 ἑορτὴν
1663 1054 1767 1107 κάν
1816 1063 1932 1117 τοῖς

179 1515 219 1548 15

178 1960 220 1991 20

247 1142 545 1210 δεσμώταις
585 1143 684 1210 τὴν
725 1140 920 1211 ἑαυτῆς
960 1143 1200 1211 δύναμιν
1238 1142 1447 1211 νέφους
1483 1162 1539 1194 τε
1579 1142 1932 1212 ἀφαιροῦσαν

246 1238 345 1283 τοῦ
379 1231 515 1283 κατὰ
545 1240 656 1283 τῶν
685 1232 998 1300 προσώπων
1028 1233 1123 1284 καί
1147 1251 1273 1284 τινα
1313 1232 1497 1284 αὐτῶν
1526 1230 1618 1284 καὶ
1653 1233 1931 1298 μειδιᾶσαι

245 1321 570 1372 πείθουσαν.
652 1320 734 1371 13.
774 1318 955 1373 ἔπεισε
995 1320 1056 1372 δὲ
1094 1320 1183 1373 καὶ
1222 1319 1428 1388 πατέρα
1467 1321 1694 1392 θανάτῳ
1732 1321 1931 1383 παιδὸς

245 1410 500 1477 κείμενον
540 1409 709 1462 αὑτόν
747 1428 805 1461 τε
845 1407 1109 1462 ἐσθίοντα
1146 1410 1363 1478 τροφήν
1400 1428 1458 1461 τε
1499 1410 1930 1479 δυσχεραίνοντα

245 1498 609 1565 διαλλαγῆναί
651 1517 710 1549 τε
755 1498 892 1567 πρὸς
939 1497 1111 1566 αὐτὴν
1160 1497 1475 1550 ἀποθέσθαι
1523 1517 1580 1550 τε
1619 1499 1719 1566 τὴν
1758 1497 1933 1566 ἀχλὺν

247 1585 402 1654 λῆξαί
438 1606 494 1638 τε
535 1586 825 1654 αὐχμῶντα
862 1584 952 1638 καὶ
993 1585 1181 1638 ἐλθεῖν
1220 1585 1307 1638 ἐπὶ
1356 1586 1585 1654 λουτρά,
1632 1584 1722 1638 καὶ
1761 1585 1794 1638 ἃ
1833 1606 1931 1655 μη-

245 1673 359 1737 δεὶς
405 1684 519 1745 τῶν
571 1674 902 1728 δεινοτάτων
947 1676 1168 1728 πείθειν
1219 1673 1467 1743 ἐδυνήθη
1519 1674 1711 1743 λέγων,
1762 1681 1932 1727 ταῦτα

246 1762 493 1832 ἐδυνήθη
548 1771 642 1830 τῆς
697 1763 886 1832 ἑορτῆς
937 1762 971 1831 ἡ
1029 1763 1194 1832 ῥώμη.
1282 1763 1364 1816 14.
1420 1761 1671 1830 διήλλαξε
1727 1763 1788 1815 δὲ
1840 1763 1932 1814 καὶ

244 1855 441 1926 πολίτῃ
491 1854 721 1920 πολίτην
760 1850 850 1904 καὶ
902 1851 1037 1922 ξένῳ
1089 1850 1247 1915 ξένον
1286 1850 1376 1904 καὶ
1426 1853 1595 1904 παῖδα
1644 1850 1802 1904 παιδὶ
1839 1849 1932 1903 καὶ

246 1948 478 2007 γυναῖκα
519 1941 738 2008 γυναικὶ
777 1941 844 1993 τά
881 1959 938 1993 τε
978 1939 1039 1994 ἐν
1077 1949 1196 2003 ταῖς
1233 1943 1580 2009 συγγενείαις
1611 1942 1938 2008 διεστηκότα·

364 2121 388 2158 2
407 2115 463 2158 ef.
482 2116 508 2157 1.
529 2115 557 2158 l.
580 2120 706 2168 1055,
727 2121 782 2159 24
905 2121 929 2158 3
955 2115 1011 2159 cf.
1030 2115 1060 2158 1.
1079 2115 1107 2158 l.
1131 2120 1257 2171 1055,
1280 2120 1332 2159 18
1457 2120 1512 2158 14
1527 2115 1668 2158 Arist.
1687 2114 1823 2171 Vesp.
1844 2119 1930 2158 286

365 2284 386 2321 1
436 2278 496 2329 ὡς
542 2279 666 2322 inser
715 2279 776 2324 Cp
950 2283 975 2322 3
1030 2293 1055 2321 σ
1100 2278 1149 2320 in
1196 2275 1568 2334 προσκαθίζηται
1614 2277 1738 2321 inser
1783 2277 1842 2321 1²

243 2335 616 2393 προσκαθέζηται
648 2338 759 2382 ΒΜ
770 2336 849 2380 All
1006 2342 1032 2380 5
1071 2335 1354 2396 ἀνεβάλοντο
1386 2337 1498 2380 ΒΜ
1508 2335 1587 2379 All
1730 2341 1754 2379 6
1796 2338 1928 2380 δικα-

245 2393 434 2452 στηρίου
466 2396 606 2440 ΒΑΗ
743 2400 766 2439 7
800 2399 990 2441 δοκοῦσι
1022 2395 1146 2439 inser
1174 2395 1234 2439 1²
1364 2400 1416 2438 12
1450 2395 1594 2439 αὐτὸν
1625 2397 1655 2439 Ι
1788 2399 1842 2438 13
1875 2393 1926 2439 δὲ

243 2458 365 2499 inser
389 2455 460 2498 Ρ3
543 2469 617 2499 om
658 2455 784 2500 VaN
826 2457 832 2511 Ι
881 2455 962 2498 καὶ
1002 2469 1075 2498 om
1109 2457 1171 2499 M
1215 2457 1221 2511 Ι
1269 2453 1464 2498 θανάτω
1505 2467 1579 2497 om
1610 2455 1656 2497 B
1688 2453 1829 2511 (inser
1850 2453 1930 2496 All

245 2527 269 2558 e
310 2514 394 2571 Va)
547 2518 601 2558 14
633 2514 775 2558 αὐτὸν
807 2514 887 2558 AI
913 2515 960 2557 et
998 2527 1054 2556 ex
1093 2513 1235 2558 αὑτὸν
1268 2527 1369 2557 corr
1400 2499 1638 2557 1⁵³M²Re
1681 2515 1686 2568 ι
1729 2512 1788 2570 μὴ
1821 2514 1931 2556 ante

243 2573 417 2616 lineam
449 2586 542 2628 qua
588 2570 810 2618 ἐσθίοντα
854 2572 1023 2628 incipit
1068 2573 1193 2616 inser
1222 2573 1268 2617 A
1301 2574 1348 2615 et
1385 2572 1476 2627 Re,
1515 2572 1639 2627 quod
1679 2571 1929 2615 delendum

243 2631 364 2676 vidit
394 2632 537 2676 αὑτὸν
567 2631 818 2676 restituens
851 2629 998 2675 Cobet
1027 2631 1156 2680 Misc.
1194 2636 1276 2674 165
1309 2629 1480 2674 collato
1510 2631 1650 2674 Arist.
1676 2630 1815 2687 Vesp.
1842 2634 1927 2673 286

245 2688 353 2747 μηδ’
383 2690 528 2741 οὕτως
558 2691 753 2735 σεαυτὸν
779 2690 921 2744 ἔσθιε,
948 2690 1021 2733 cui
1047 2690 1195 2734 addas
1218 2689 1318 2733 Lib.
1341 2703 1411 2746 ep.
1431 2693 1516 2733 833
1543 2704 1605 2734 or.
1623 2689 1665 2733 H
1689 2694 1788 2742 424,
1806 2688 1890 2732 4ss
1918 2688 1923 2746 fl

246 2747 381 2804 ραίνο
412 2749 461 2793 in
493 2747 858 2807 δυσχεραίνοντα
889 2749 938 2792 in
970 2761 1044 2792 ras
1070 2749 1141 2793 Ρ4
1271 2752 1324 2793 17
1357 2746 1504 2806 λόγων
1539 2750 1600 2793 Μ
1630 2750 1636 2806 Ι
1670 2744 1801 2792 ταῦτ’
1821 2747 1933 2792 ΒΜ

243 2807 321 2851 All
466 2812 522 2866 18
561 2807 778 2865 ἠδυνήθη
813 2808 882 2851 Re
917 2810 923 2862 Ι
959 2807 1009 2851 δὲ
1045 2807 1113 2851 Re
1196 2823 1244 2852 τε
1285 2806 1395 2850 libri
1427 2806 1505 2850 All
1651 2811 1704 2851 19
1734 2803 1927 2861 πολίτην

245 2865 406 2926 πολίτῃ
438 2867 549 2912 ΒΜ
561 2866 638 2909 All
806 2871 862 2910 20
901 2867 951 2910 ἐν
995 2880 1096 2910 corr
1137 2865 1174 2910 θ’
1204 2867 1281 2911 τέκ
1325 2880 1430 2910 cum
1473 2879 1634 2909 rasura
1677 2866 1812 2909 unius
1853 2864 1924 2908 vel

245 2926 440 2970 duarum
472 2925 734 2969 litterarum
766 2927 794 2969 1
806 2925 823 2950 ²
