2090 3162
735 101 962 145 LIBANII
994 101 1216 146 ORATIO
1249 101 1311 144 XI
1755 102 1862 153 473

177 240 250 301 ὡς
282 238 522 308 νεουργὰ
553 239 869 307 φερόμενοι,
902 238 967 289 τὰ
999 234 1059 289 δὲ
1093 239 1214 307 ἄρτι
1248 236 1513 303 ὃεξάμενα
1544 238 1644 305 τὴν
1668 235 1863 305 τέχνην

179 328 239 380 ἐν
278 335 340 397 τῇ
382 325 513 396 δόξῃ
553 336 665 378 τῶν
704 325 945 395 ἀρχαίων
986 324 1229 394 ἀφέντες.
1310 325 1429 378 113.
1477 333 1640 378 τοῦτο
1688 326 1749 378 δὲ
1795 323 1863 393 ἧν

177 418 283 485 ἄρα
334 416 398 468 οὐ
446 422 540 482 τῆς
585 424 696 467 τῶν
742 414 1200 482 ἀγαλματοποιῶν
1247 413 1465 482 ἀρετῆς,
1513 422 1606 482 τῆς
1654 411 1714 466 δὲ
1753 423 1864 466 τῶν

178 511 327 558 θεῶν
374 505 511 573 πρὸς
557 505 656 556 τὸν
704 505 945 555 ἔκπλουν
984 501 1306 571 ἐπιθυμίας,
1346 501 1442 571 ὑφ’
1488 498 1550 570 ἧς
1591 501 1863 571 ἐνέθηκαν

176 601 291 655 ταῖς
346 591 497 662 χερσὶ
552 602 662 644 τῶν
718 593 1072 661 δημιουργῶν
1126 591 1296 644 πλέον
1342 611 1394 643 τι
1447 599 1546 643 τοῦ
1603 592 1860 644 δυνατοῦ.
1909 612 1929 644 5

174 684 350 734 καίτοι
390 683 446 734 τί
480 688 751 733 τοσοῦτον
791 683 869 742 εἰς
910 678 1094 749 δόξαν,
1143 679 1174 747 ἢ
1215 681 1400 750 χώραν
1446 683 1783 748 προσλαβεῖν
1828 680 1860 748 ἢ

176 778 369 838 στῆσαι
409 772 675 838 τρόπαιον
713 769 745 837 ἢ
786 771 1091 832 κατακόψαι
1125 769 1413 837 φάλαγγας
1443 768 1475 836 ἢ
1511 772 1862 838 ζωγρήσαντα

173 862 468 925 πολεμίους
507 860 680 926 ἄγειν,
719 857 911 926 ἡλίκον
942 860 1003 910 τὸ
1045 860 1174 920 τοὺς
1211 860 1383 920 θεοὺς
1414 859 1542 927 τῇδε
1575 860 1817 924 νομίζειν
1852 857 1856 926 ξ

173 947 362 1009 αὑτοῖς
399 949 698 1016 προσήκειν
737 947 1079 1014 διαιτᾶσθαι,
1800 959 1841 1001 R
1864 962 1951 1002 308

287 1036 405 1087 114.
454 1034 556 1087 Καὶ
604 1037 708 1103 γὰρ
758 1036 826 1103 δὴ
872 1035 962 1087 καὶ
1000 1036 1060 1087 τὸ
1100 1036 1302 1087 τούτου
1342 1033 1606 1104 ἐχόμενον
1646 1037 1722 1098 εἰς
1761 1037 1860 1103 τὴν
1885 1057 1927 1088 10

171 1124 344 1192 αὐτὴν
398 1123 681 1187 ἀπόδειξιν
737 1123 893 1194 φέρει
951 1124 1170 1192 συμβὰν
1225 1123 1399 1186 εὐθὺς
1454 1122 1540 1176 ἐπὶ
1595 1131 1693 1176 τοῦ
1741 1122 1851 1191 μετ’

171 1213 339 1265 αὐτὸν
378 1214 657 1282 ἄρχοντος.
719 1213 752 1281 ἡ
792 1214 896 1282 γὰρ
939 1214 1006 1280 δὴ
1040 1207 1186 1279 Ἶσις,
1225 1212 1285 1264 τὸ
1326 1213 1611 1281 βούκερων
1647 1213 1860 1280 ἄγαλμα

170 1302 230 1354 τὸ
262 1302 593 1369 Αἰγύπτιον,
642 1300 845 1370 ἀφεῖσα
882 1302 984 1369 τὴν
1022 1299 1257 1368 Μέμφιν
1297 1301 1462 1370 δεῦρο
1506 1303 1859 1367 μετοικίζεται

169 1391 438 1458 κινήσασα
468 1387 570 1458 μὲν
602 1390 845 1459 ὀνείρασι
871 1389 1151 1442 Σέλευκον
1182 1390 1280 1442 τὸν
1313 1389 1416 1442 ἀπὸ
1449 1397 1548 1442 τοῦ
1575 1391 1857 1442 Σελεύκου

169 1477 428 1547 τέταρτον
461 1479 536 1540 εἰς
567 1479 668 1546 τὴν
701 1477 896 1546 ἑαυτῆς
926 1478 1285 1546 μετάπεμψιν,
1316 1480 1585 1546 κινήσασα
1618 1475 1678 1530 δὲ
1712 1481 1856 1531 Πτο-
1881 1499 1925 1532 15

170 1571 398 1634 λεμαῑον
431 1567 508 1628 εἰς
539 1565 761 1633 ἕτοιμον
785 1574 878 1635 τῆς
909 1572 1049 1619 θεοῦ
1083 1567 1259 1634 δόσιν,
1291 1567 1380 1619 καὶ
1413 1574 1538 1635 νῆες
1567 1567 1860 1635 εὐτρεπεῖς,

168 1653 258 1707 καὶ
304 1655 365 1707 τὸ
413 1655 627 1722 ἄγαλμα
672 1657 849 1723 ἤγετο.
937 1654 1056 1707 115.
1104 1653 1196 1708 καὶ
1241 1655 1587 1723 καταγώγιον
1634 1651 1703 1723 ἦν
1749 1664 1859 1707 τῶν

169 1745 502 1813 κρειττόνων
555 1743 588 1811 ἡ
649 1746 832 1812 πόλις,
895 1743 1032 1796 ὥστε
1092 1742 1183 1796 καὶ
1244 1745 1381 1812 πρὸς
1435 1744 1535 1796 τὸν
1575 1742 1860 1810 Ὄλυμπον

166 1831 436 1901 ὑπάρχειν
459 1831 594 1901 ἡμῖν
620 1830 833 1901 ἐρίζειν,
859 1833 907 1885 εἰ
931 1835 1290 1901 βουλοίμεθα.
1343 1832 1376 1900 ἡ
1402 1831 1504 1901 μὲν
1528 1833 1630 1901 γὰρ
1658 1832 1859 1885 αὐτόθι

168 1928 281 1972 τῶν
310 1925 464 1973 θεῶν
495 1921 749 1991 διατριβὴ
787 1929 1032 1989 ποιητῶν
1064 1919 1178 1973 ἐστι
1217 1923 1388 1989 φήμη,
1426 1922 1492 1973 τὰ
1532 1919 1581 1973 δ’
1621 1916 1689 1972 αὖ
1721 1919 1848 1989 παρ’
1880 1942 1924 1974 20

166 2007 300 2078 ἡμῖν
331 2007 662 2078 ὀφθαλμοὺς
692 2010 886 2062 ἔπεισε.
952 2009 1072 2062 116.
1111 2009 1202 2061 καὶ
1234 2013 1597 2078 συμπροῆλθε
1627 2010 1693 2061 τὰ
1723 2006 1857 2078 ἔργα

166 2103 242 2168 τῷ
287 2099 494 2168 χρόνῳ,
545 2095 661 2150 ἐπεὶ
709 2095 800 2150 καὶ
839 2105 934 2166 τῆς
968 2095 1246 2164 Ῥωμαίων
1286 2098 1474 2166 ἰσχύος
1524 2098 1628 2166 ἤδη
1680 2098 1858 2150 πάντα

286 2260 311 2298 3
345 2257 472 2312 prius
511 2264 604 2301 τῶν
642 2256 770 2300 inser
793 2257 838 2300 P
866 2258 913 2300 et
950 2258 999 2300 in
1035 2270 1168 2314 marg
1194 2257 1301 2302 Mo²
1378 2270 1452 2300 om
1475 2257 1737 2302 ACBMGa
1755 2257 1856 2300 Mor

226 2320 254 2357 4
297 2313 382 2371 ἀφ’
424 2316 488 2360 Ga
639 2320 664 2358 6
709 2333 753 2360 οι
795 2315 844 2359 in
888 2313 1039 2360 καίτοι
1082 2316 1131 2359 in
1174 2330 1249 2360 ras
1284 2315 1355 2359 ΡΞ
1404 2318 1410 2370 Ι
1458 2313 1503 2359 τί
1542 2323 1763 2360 τοσοῦτον
1806 2317 1855 2359 in

166 2387 329 2417 rasura
367 2379 393 2417 6
431 2374 507 2419 vel
548 2380 570 2418 7
612 2375 874 2419 litterarum
914 2375 987 2419 122
1060 2377 1169 2432 post
1205 2373 1250 2419 τί
1296 2378 1356 2431 (τι
1402 2375 1446 2419 U
1450 2378 1466 2432 )
1511 2388 1674 2418 rasura
1719 2376 1856 2419 unius

167 2433 355 2477 litterae
394 2433 468 2478 UI
581 2438 607 2477 8
638 2433 723 2485 τὰς
748 2434 814 2478 Ca
934 2439 959 2478 9
992 2435 1152 2485 αὐτοῖς
1174 2435 1539 2479 APUIBMMO
1600 2435 1764 2485 αὐταῖς
1790 2435 1855 2481 Oa

227 2492 397 2543 αὐτοὺς
426 2492 528 2536 Mor
568 2494 575 2551 Ι
617 2509 717 2537 κειν
747 2493 797 2536 in
827 2492 1078 2549 προσήκειν
1114 2507 1340 2550 suprascr.
1366 2492 1438 2538 P²
1475 2494 1481 2548 Ι
1527 2493 1855 2538 ἐνδιαιτᾶσθαι

167 2552 213 2595 Ρ
234 2551 315 2594 sed
340 2551 391 2595 ἐν
414 2551 465 2595 in
486 2565 563 2596 ras
587 2551 657 2595 m'
780 2556 835 2595 10
859 2552 910 2596 τὸ
937 2566 1012 2596 om
1044 2553 1088 2598 U
1109 2554 1116 2609 Ι
1143 2550 1273 2596 τοῦδ’
1303 2552 1507 2597 Sintenis
1630 2557 1681 2595 11
1710 2553 1856 2603 εὐθὺς

166 2609 237 2653 m⁸
269 2623 410 2667 supra
441 2611 600 2662 αὐτοῖς
630 2612 666 2655 Ι
734 2612 894 2661 αὐτοῖς
933 2612 977 2655 U
1102 2616 1155 2655 12
1189 2611 1278 2662 ἕσις
1307 2611 1417 2655 libri
1446 2611 1515 2656 Re
1639 2616 1692 2655 13
1725 2611 1853 2669 αἰγυ-

166 2666 316 2714 πτίων
348 2669 394 2712 Β
435 2670 442 2725 Ι
484 2667 657 2726 μέμφιν
687 2671 735 2714 Ρ
778 2670 859 2714 sed
898 2686 915 2713 ι
958 2670 1006 2713 in
1049 2684 1124 2714 ras
1162 2670 1233 2714 m'
1310 2669 1485 2728 μέμψιν
1519 2671 1583 2716 Ca
1621 2670 1628 2729 Ι
1667 2686 1759 2714 οικι
1805 2670 1855 2713 in

167 2725 465 2784 μετοικίζεται
494 2728 544 2771 in
574 2742 650 2772 ras
674 2729 732 2773 Ι8
813 2727 1159 2786 μετακομίζεται
1199 2730 1244 2774 U
1382 2733 1436 2773 14
1468 2736 1550 2774 τοῦ
1581 2729 1706 2773 inser
1728 2727 1797 2773 A*

169 2792 224 2831 15
258 2803 313 2844 ης
342 2787 392 2830 in
424 2785 591 2844 ἑαυτῆς
620 2787 671 2830 in
700 2801 776 2831 ras
809 2787 880 2831 P²
1002 2793 1055 2831 19
1087 2789 1198 2845 ἡμῖν
1229 2787 1454 2846 ὑπάρχειν
1485 2789 1658 2834 APUI
1668 2787 1736 2831 Re
1752 2787 1855 2832 Mor

227 2849 283 2889 20
313 2851 519 2902 ποιητῶν
549 2847 805 2902 praemisso
838 2847 992 2892 ἐκεῖνα
1018 2873 1073 2880 -
1098 2852 1151 2891 21
1188 2847 1366 2892 ἔπεισεν
1397 2848 1514 2891 citat
1542 2846 1659 2890 Plan
1690 2846 1769 2890 fol.
1796 2851 1851 2890 99

228 2909 281 2948 21
316 2905 398 2954 οὺς
427 2905 477 2947 in
510 2903 785 2962 ὀφθαλμοὺς
816 2918 871 2949 ex
904 2906 955 2958 ὸς
986 2920 1087 2950 corr
1108 2907 1166 2951 1⁸
1208 2908 1215 2963 1
1257 2908 1570 2963 συμπεριῆλθε
1594 2905 1662 2949 Re
