2090 3162
732 103 956 146 LfflANn
989 102 1211 147 ORATIO
1244 104 1305 147 XI
1748 106 1854 157 525

177 240 285 292 ὑπὸ
324 248 434 292 τῶν
484 239 702 291 ὑδάτων
750 239 1026 306 λάμπεται.
1102 237 1226 291 ὥστ’
1275 239 1375 292 οὐκ
1426 236 1573 307 οἶδα,
1623 242 1856 308 πότερον

172 328 205 396 ἡ
258 327 363 380 θέα
414 331 625 395 μᾶλλον
677 327 907 378 δύναται
957 326 1295 379 ὑπεκκαῦσαι
1342 329 1503 391 δίψος
1548 327 1579 396 ἢ
1627 336 1854 381 παῦσαν

178 416 319 468 οὕτω
366 413 457 467 καὶ
504 419 856 484 προκαλεῖται
902 423 1050 467 πιεῖν
1089 416 1177 467 καὶ
1216 418 1611 485 προευφραίνει
1651 415 1784 485 πρὶν
1823 417 1854 484 ἢ

176 513 339 557 πιεῖν.

284 593 405 645 249.
450 590 503 644 Ἄ
551 594 746 645 τοίνυν
795 593 1028 645 εἰώθατε
1078 594 1214 661 πρὸς
1262 593 1533 662 ἀλλήλους
1572 595 1855 662 εἰρηνικῶς
1903 615 1922 647 5

174 681 556 749 ἀγωνίζεσθαι,
597 682 823 750 ἄκριτον
853 681 986 748 ὑμῖν
1018 690 1162 734 ποιεῖ
1193 683 1294 749 τὴν
1326 682 1734 751 ἀμφισβήτησιν
1766 683 1857 735 διὰ

173 771 234 822 τὸ
290 772 640 839 πανταχόθεν
695 775 833 822 ἴσον.
926 769 1066 823 οὕτω
1122 772 1251 832 τοὺς
1311 772 1513 834 ἄλλους
1575 772 1855 839 διαφανῶς

172 868 432 921 νικῶντες
469 859 607 929 πρὸς
658 858 928 927 ἀλλήλους
970 858 1030 911 ἐν
1069 858 1235 930 ὁμοίῳ
1275 861 1658 927 καθεστήκατε.
1734 859 1855 911 250·

178 947 402 1015 λέγουσι
441 950 640 1000 τοίνυν
680 949 732 1000 οἱ
772 944 872 1014 μὲν
910 948 1010 1015 τὴν
1041 948 1176 1015 πρὸς
1214 947 1282 1000 ἕω
1322 956 1522 1016 μοῖραν
1561 949 1857 1015 οἰκοῦντες,

181 1036 264 1089 ὅτι
298 1037 364 1104 δὴ
398 1036 459 1088 τὸ
492 1040 754 1089 πλεῖστον
784 1045 894 1088 τῶν
924 1045 1118 1104 πυρῶν
1150 1036 1243 1088 διὰ
1272 1044 1367 1104 τῆς
1398 1035 1623 1089 ἐκείνων
1654 1037 1857 1105 ἄγεται,
1882 1057 1924 1090 ιο

174 1125 266 1177 καὶ
299 1126 408 1192 ἅμα
438 1124 822 1193 παραφέρουσι
853 1126 954 1193 τὴν
981 1122 1340 1193 Ἀλεξάνδρου
1371 1128 1569 1193 πηγήν,
1608 1126 1661 1178 οἱ
1701 1123 1748 1178 δ’
1787 1120 1857 1178 αὖ

178 1214 318 1282 πρὸς
351 1213 562 1282 δυσμὰς
584 1216 647 1266 τό
671 1233 729 1266 τε
759 1214 1145 1282 πολύδενδρον
1167 1212 1257 1266 καὶ
1289 1216 1658 1282 καθαριότητα
1689 1216 1857 1266 πλείω

175 1300 267 1353 καὶ
306 1302 368 1354 τὸ
408 1302 638 1369 ἥδιστον
675 1303 987 1369 γειτόνημα,
1027 1302 1128 1369 τὴν
1161 1302 1418 1369 Δάφνην,
1459 1302 1513 1353 οἱ
1552 1299 1600 1353 δ’
1647 1299 1734 1354 ἐπὶ
1767 1309 1860 1369 τῆς

176 1389 450 1459 ὑπωρείας
504 1390 676 1458 αὔρας
729 1392 978 1456 βελτίους
1031 1388 1121 1442 καὶ
1177 1389 1609 1459 ἀπραγμοσύνην
1661 1390 1751 1442 καὶ
1796 1391 1858 1442 τὸ

179 1479 282 1546 τὴν
329 1479 496 1531 πόλιν
546 1478 762 1530 ἅπασαν
811 1480 955 1547 ἔχειν
1006 1477 1159 1546 ὁρᾶν,
1215 1479 1267 1530 οἱ
1303 1472 1378 1530 ’δὲ
1428 1475 1490 1530 ἐν
1537 1485 1600 1547 τῇ
1651 1477 1750 1547 νέᾳ
1796 1479 1858 1530 τὸ
1884 1498 1925 1532 15

178 1575 372 1635 τεῖχος,
410 1567 509 1634 τὴν
547 1574 739 1634 νῆσον,
778 1568 843 1619 τὰ
881 1569 1148 1634 βασίλεια,
1187 1567 1287 1634 τὴν
1317 1574 1412 1634 τῆς
1451 1566 1580 1633 ὅλης
1618 1566 1856 1635 εὐθημο-

179 1655 372 1723 σύνην,
406 1655 459 1708 οἱ
484 1651 543 1707 δὲ
568 1654 629 1708 ἐν
652 1654 798 1727 μέσῳ
822 1656 1035 1708 τούτων
1069 1653 1074 1724 Ι
1110 1656 1170 1707 τὸ
1193 1656 1407 1707 τούτων
1431 1650 1571 1707 εἶναι
1595 1653 1766 1722 μέσοι.
1798 1667 1839 1710 R
1861 1671 1945 1710 357

300 1893 324 1931 2
357 1888 545 1932 Lucian.
579 1887 636 1931 de
669 1888 787 1944 dips.
821 1893 846 1941 ἓ
879 1892 905 1931 9
938 1903 982 1946 p.
1017 1891 1101 1931 239
1256 1893 1305 1930 11
1340 1886 1396 1931 cf.
1430 1902 1473 1944 p.
1501 1891 1603 1942 460,
1628 1891 1653 1931 9
1674 1901 1739 1944 sq.

301 1951 355 1990 15
389 1947 445 1991 cf.
478 1962 523 2003 p.
551 1951 650 2001 506,
677 1951 730 1990 18
748 1961 814 2002 sq.

305 2174 327 2212 1
360 2168 585 2224 λάμπεται
618 2168 782 2224 scripsi
813 2166 1095 2226 λαμβάνεται
1125 2167 1234 2211 libri
1265 2166 1382 2211 Plan
1405 2167 1497 2211 edd
1558 2165 1861 2224 ,,ἐμφαι’νεται
1919 2196 1922 2198 v

185 2234 270 2272 aut
300 2227 512 2286 βλέπεται
543 2233 626 2271 aut
657 2226 1172 2285 καταλαμβάνεται“Β.θ
1187 2226 1325 2269 Anim
1402 2224 1703 2282 διαφαίνεται
1727 2226 1861 2270 dubi-

182 2288 340 2330 tanter
363 2286 519 2330 Gasda
571 2285 887 2342 λαμπρύνεται
902 2291 923 2329 ?
946 2285 1150 2330 Sinbenis
1241 2289 1267 2328 2
1292 2285 1490 2329 δύναται
1513 2287 1683 2342 μᾶλλον
1709 2285 1861 2331 MoC'a

185 2345 303 2389 Plan
378 2346 599 2398 δύναται,
633 2344 835 2388 Sintenis
977 2349 1003 2387 5
1025 2339 1070 2388 Ἄ
1102 2371 1157 2376 -
1191 2349 1215 2388 7
1248 2343 1351 2388 ἴσον
1383 2345 1500 2387 citat
1529 2343 1646 2387 Plan
1677 2344 1755 2388 fol.
1782 2349 1862 2388 99*

245 2410 271 2448 5
294 2402 474 2462 τοίνυν]
507 2403 559 2448 δὲ
583 2403 699 2448 Plan
820 2408 846 2448 6
873 2421 903 2448 υ
932 2403 982 2447 in
1012 2403 1121 2460 ὑμῖν
1152 2403 1202 2447 in
1232 2415 1307 2446 ras
1332 2403 1394 2446 M
1456 2402 1565 2460 ἡμῖν
1587 2404 1686 2448 1οα
1707 2402 1824 2447 Plan
1850 2405 1859 2460 Ι

184 2469 338 2508 ποιεῖν
362 2463 475 2508 ΒΜ
552 2486 568 2503 ιν
590 2466 616 2505 7
640 2462 785 2514 ἄλλως
808 2463 855 2507 Β
976 2466 1030 2505 10
1060 2464 1274 2506 πλεῖστον
1303 2465 1355 2505 v*
1389 2461 1437 2505 in
1469 2475 1545 2506 ras
1568 2461 1638 2506 B*
1758 2466 1811 2505 12
1836 2478 1861 2506 ο

184 2521 236 2566 in
265 2534 342 2565 ras
374 2523 422 2566 et
451 2536 499 2566 τε
538 2535 590 2566 su
625 2535 763 2566 rascr.
797 2521 846 2564 in
876 2520 927 2565 τό
959 2537 1006 2566 τε
1038 2520 1096 2566 1²
1136 2523 1143 2577 Ι
1185 2538 1209 2565 ο
1241 2522 1290 2565 et
1318 2537 1346 2576 η
1379 2521 1429 2564 in
1459 2520 1782 2578 καθαριότητα
1812 2521 1863 2565 in

185 2593 262 2624 ras
284 2579 344 2624 1²
403 2583 562 2636 καθαρ
614 2597 639 2624 τ
660 2597 711 2626 τι,
736 2594 840 2624 cum
863 2579 1035 2624 rasuris
1058 2581 1166 2638 post
1189 2597 1228 2636 ρ,
1252 2596 1278 2623 τ
1301 2580 1349 2624 et
1371 2596 1397 2623 ο
1421 2579 1466 2624 U
1518 2578 1862 2637 καθαρειότητα

186 2669 363 2715 ΒΜΟα
422 2666 794 2724 καθαρειότατον
819 2668 905 2713 Mo
997 2672 1050 2712 13
1075 2654 1149 2712 ὅστ’
1192 2682 1297 2712 oum
1317 2680 1480 2712 rasura
1509 2668 1647 2712 unius
1675 2666 1863 2712 litterae

187 2729 297 2784 post
326 2742 362 2771 π
400 2728 445 2772 U
587 2732 642 2771 15
673 2728 757 2784 τὴν
789 2741 863 2771 om
894 2729 940 2772 B
1091 2732 1145 2772 16
1176 2734 1274 2778 τοῖς
1311 2724 1433 2777 ὅλοις
1470 2740 1610 2783 supra
1639 2732 1720 2783 τῆς
1759 2724 1865 2783 ’ὅλης

190 2787 279 2831 M³
376 2786 702 2843 εὐθημοσύνην
741 2786 906 2842 scripsi
943 2800 1050 2830 eum
1082 2786 1312 2842 Iacobum,
1344 2785 1382 2830 Ο
1399 2785 1622 2830 Muellero
1645 2785 1860 2829 Antiooh.

188 2850 262 2901 52,
356 2844 466 2889 beto
496 2845 725 2890 Mnem.V
743 2849 827 2889 110
859 2844 989 2901 (Coll.
1018 2847 1118 2903 106)
1153 2858 1178 2890 e
1204 2845 1478 2890 GUIBGaP
1503 2844 1555 2888 in
1583 2858 1676 2900 quo
1705 2846 1863 2888 tamon

187 2921 218 2961 η
251 2917 307 2948 ex
337 2921 367 2948 v
391 2917 492 2948 corr
512 2903 582 2948 m’
642 2903 968 2961 εὐθυμοσύνην
992 2904 1186 2949 ΑΜΜο
1209 2903 1301 2949 edd
1420 2907 1474 2948 17
1499 2903 1550 2949 ἐν
1572 2905 1637 2963 τῷ
1659 2901 1780 2959 μέσω
1805 2903 1870 2948 Μ
