2090 3162
741 129 965 173 LIBANII
998 128 1220 173 ORATIO
1253 129 1315 173 VI
1761 129 1866 182 357

186 265 495 318 ἀποθανεῖν
527 264 806 336 ἀνθρώπῳ
840 265 928 317 καὶ
968 267 1246 334 μακαρίζει
1279 265 1346 333 δὴ
1377 265 1474 318 τὸν
1506 264 1748 334 οὐρανὸν
1778 264 1868 317 καὶ

185 356 283 407 τὸν
312 355 472 422 ἥλιον
503 361 601 406 τοῦ
635 353 722 406 ἀεί
749 373 805 407 τε
845 351 1070 407 ἔσεσθαι
1101 351 1191 405 καὶ
1223 351 1493 421 μηδέποτε
1524 352 1867 406 ἀπολεῖσθαι.

186 443 361 505 οὕτως
410 443 691 510 ἄπληστόν
738 462 791 494 τι
841 450 1018 512 χρῆμα
1068 443 1364 510 ἄνθρωπος
1413 443 1503 494 καὶ
1558 441 1866 511 ἀχάριστον.

186 532 232 583 9.
266 532 359 584 διὰ
390 539 553 584 τοῦτο
587 529 676 583 καὶ
696 529 906 599 “Exime
938 531 1239 599 τιμώμενος
1271 523 1354 594 οἷς
1385 531 1527 594 εἰκὸς
1559 533 1865 600 στρατηγόν

185 640 241 672 τε
288 620 465 689 ἄνδρα
511 620 600 672 καὶ
647 616 900 681 ἐπίδοξον
938 620 1072 688 μετὰ
1110 619 1209 672 τὸν
1246 618 1452 688 πατέρα
1498 620 1866 688 βασιλεύσειν,

185 717 295 761 τῶν
345 715 444 761 τοῦ
487 707 828 770 ’Λπόλλωνος
876 706 968 761 καὶ
1017 715 1112 776 τῆς
1143 706 1383 776 Ἀθηνᾶς
1432 708 1647 777 εὔχεται
1695 718 1869 776 τιμῶν

185 805 387 867 τυχεῖν,
427 797 500 859 ὡς
539 798 606 865 δὴ
646 797 736 849 καὶ
767 797 982 850 τούτων
1013 795 1214 860 άξιος
1193 798 1273 850 ών
1302 805 1419 860 τοῖς
1451 798 1680 866 Τρωσίν.
1743 797 1869 849 οὐκ-

186 894 290 938 οῦν
328 884 614 938 ἐλάττοσιν
652 886 685 954 ἢ
725 878 808 948 οἷς
845 885 1054 953 ἡγεῖται
1087 892 1285 955 χρῆναι
1314 886 1618 954 τιμώμενος
1648 885 1870 954 ἀτυχεῖν

184 975 543 1043 ὑπελάμβανε.
639 974 720 1026 10.
783 975 913 1026 πότε
969 970 1090 1043 οὗν,
1144 970 1185 1026 ὦ
1239 982 1358 1042 τᾶν,
1412 973 1717 1037 ἐπαινέσεις
1769 975 1870 1042 τὴν

194 1064 392 1131 Τύχην,
430 1064 479 1115 εἰ
518 1063 649 1126 θεὸς
686 1063 788 1130 μὲν
826 1063 928 1116 οὐκ
967 1065 1112 1145 ἔσῃ,
1128 1070 1291 1116 τοῦτο
1333 1060 1394 1115 δὲ
1434 1061 1738 1132 ἐθελήσεις,
1778 1061 1868 1115 καὶ

185 1154 236 1205 εἰ
271 1154 472 1219 βωμῶν
511 1148 613 1221 μὲν
650 1152 742 1204 καὶ
780 1157 1001 1205 θυσιῶν
1041 1152 1108 1204 οὐ
1147 1149 1309 1222 τεύξῃ
1347 1149 1439 1205 καὶ
1478 1159 1647 1204 ταῦτα
1685 1149 1757 1204 ἔτ’
1791 1151 1871 1204 ὢν

183 1242 508 1310 ἅνθρωπος,
555 1241 721 1310 μικρὰ
769 1237 829 1293 δε
875 1241 942 1293 τὰ
987 1241 1125 1293 ἄλλα
1171 1240 1351 1293 πάντα
1389 1236 1535 1293 εἷναί
1572 1255 1660 1292 σοι
1700 1238 1869 1305 δόξει;

299 1329 380 1381 11.
426 1323 534 1381 Ην
588 1327 652 1381 δέ
701 1348 785 1391 τις
839 1328 977 1398 ἀνὴρ
1033 1328 1093 1381 ἐν
1131 1330 1397 1401 Αἰγύπτω
1451 1331 1869 1399 φιλοχρήματος.

185 1413 345 1480 οὗτος
372 1416 606 1470 ἐποιεῖτο
634 1420 850 1485 φίλους,
883 1410 965 1479 οἷς
995 1419 1186 1480 παῖδες
1218 1418 1319 1470 οὐκ
1350 1414 1511 1486 ἦσαν,
1537 1417 1683 1480 ὅπως
1707 1418 1871 1480 αὐτὸς

184 1507 370 1568 αὐτοῖς
402 1511 484 1574 εἴη
515 1514 655 1568 παῖς.
718 1508 1012 1574 γενόμενος
1044 1503 1105 1559 δε
1145 1505 1198 1569 ἐξ
1238 1506 1452 1575 ἀπόρου
1490 1507 1754 1569 πλούσιος
1795 1508 1871 1569 εἰς

183 1596 248 1647 τὰ
279 1605 389 1647 τῶν
419 1595 803 1648 τελευτώντων
838 1595 1024 1648 εἰσιὼν
1063 1597 1266 1664 ἤχθετο
1305 1603 1421 1658 τοῖς
1459 1597 1538 1647 ἔτι
1578 1598 1707 1660 ζῶσι
1744 1614 1869 1648 του-

183 1682 318 1737 τωνὶ
364 1692 476 1736 τῶν
512 1682 776 1752 πατέρων.
853 1685 1246 1753 μακαρίζοντος
1295 1684 1357 1737 δὲ
1395 1684 1567 1738 αὐτόν
1603 1702 1735 1737 ποτε
1775 1683 1869 1736 ἀν-

183 1773 314 1842 δρὸς
369 1770 557 1842 ἑτέρου
612 1773 678 1825 τὰ
731 1773 869 1826 αὐτὰ
923 1780 1226 1836 νοσοῦντος
1278 1780 1374 1841 τῆς
1426 1773 1614 1843 τύχης,
1670 1771 1742 1826 δι’
1799 1773 1872 1840 ἣν

184 1862 331 1933 αὐτῷ
364 1864 602 1923 πλοῦτος
634 1854 711 1924 εἷς
745 1860 913 1930 μέγας
944 1859 1004 1914 ἐκ
1041 1865 1263 1916 πολλῶν
1301 1861 1649 1931 ἁθροισθείη,
1687 1864 1870 1931 μήπω

303 2084 327 2123 6
360 2080 410 2123 Π.
443 2083 481 2124 θ
514 2084 612 2123 540.

302 2291 327 2330 3
361 2286 593 2343 ἄπληστον
626 2314 681 2320 -
713 2286 965 2345 ἀχάριστον
997 2288 1114 2333 citat
1136 2288 1308 2333 Macar.
1333 2303 1373 2332 v.
1399 2301 1540 2344 supra.
1563 2303 1607 2345 p
1635 2292 1735 2343 354,
1755 2293 1869 2331 1—3

243 2350 270 2388 4
302 2343 375 2390 οἷο
408 2360 512 2390 cum
542 2359 706 2390 rasura
735 2347 874 2391 unius
912 2346 1099 2391 litterae
1137 2348 1182 2392 U
1335 2352 1360 2390 5
1393 2363 1462 2392 ειν
1493 2348 1543 2391 in
1582 2347 1869 2420 βασιλεύσειν

182 2405 232 2448 in
264 2418 339 2448 ras
366 2405 429 2450 ΟΡ
572 2410 596 2448 7
629 2406 800 2450 οὐκοῦν
825 2432 880 2438 -
907 2409 932 2449 9
964 2406 1257 2465 ὑπελάμβανε
1289 2421 1363 2450 om
1387 2408 1434 2451 B
1576 2405 1870 2452 8ἐλάττοσιν

182 2460 212 2518 ἢ
254 2460 326 2514 οἷς
367 2477 467 2508 corr
509 2478 564 2508 ex
607 2464 841 2510 ἐλάττοσιν
870 2466 953 2519 ΑΡ,
1000 2479 1056 2510 ex
1098 2465 1344 2510 ἐλάττωσιν
1378 2466 1454 2519 ΟΡ,
1500 2463 1707 2510 ἐλάττοσ’
1740 2463 1770 2521 ἢ
1801 2462 1871 2516 οἷς

185 2523 248 2575 P,
289 2522 456 2567 ἐλάττω
489 2519 554 2567 ὧν
595 2525 646 2577 V,
687 2521 927 2569 ἔλαττοσἋ
902 2540 932 2579 η
963 2521 1034 2576 οἷς
1075 2526 1132 2578 U,
1175 2524 1408 2569 ἐλάττοσιν
1439 2522 1469 2580 3)
1507 2522 1578 2576 οἷς
1607 2527 1643 2570 I
1675 2525 1757 2568 sed
1797 2539 1868 2568 σιν

182 2581 253 2624 m⁸
297 2581 347 2625 in
391 2595 468 2626 ras
632 2587 658 2626 9
696 2601 753 2640 γρ
801 2590 916 2640 γοῦν
953 2583 1055 2628 Mor
1092 2583 1142 2627 in
1186 2598 1320 2642 marg
1369 2584 1375 2642 Ι
1423 2583 1510 2628 τάν
1547 2585 1679 2629 AGB
1718 2584 1810 2627 edd.

187 2643 241 2684 10
288 2638 464 2692 ἐθέλεις
500 2642 576 2686 ΙΒ
616 2643 664 2685 et
708 2659 763 2698 γρ
802 2642 905 2685 Μοι·
941 2642 991 2686 in
1028 2656 1164 2700 marg
1328 2648 1381 2686 11
1421 2640 1552 2687 ταῦτ’
1588 2644 1634 2687 Β
1677 2645 1683 2700 Ι
1726 2643 1792 2687 ἔτι
1822 2642 1869 2686 Β

183 2701 232 2742 et
277 2712 333 2743 ex
379 2697 443 2744 ἔτ’
485 2699 543 2744 Ρ
588 2701 638 2744 in
682 2714 758 2744 ras
805 2703 853 2746 et.
889 2701 991 2745 Mor
1171 2707 1226 2745 12
1263 2701 1406 2746 τᾶλλα
1436 2704 1484 2747 Β
1532 2705 1540 2760 Ι
1587 2699 1729 2747 πάντ’
1763 2703 1811 2746 Β

185 2762 241 2803 14
273 2757 414 2808 αὐτὸς
443 2772 519 2803 om
549 2759 660 2804 Fen·
734 2761 895 2811 αὐτοῖς
925 2760 1066 2811 αὐτὸς
1096 2762 1142 2805 Β
1166 2761 1268 2805 Μοι·
1410 2766 1464 2805 17
1498 2759 1552 2806 δέ
1581 2776 1693 2805 ποτε
1724 2760 1869 2804 αὐτὸν

183 2829 240 2860 ex
270 2815 324 2862 δὲ
354 2817 499 2862 αὐτὸν
522 2834 634 2863 ποτε
658 2831 759 2863 corr
781 2818 840 2864 1⁸
863 2821 912 2863 et
934 2819 1036 2864 Mor
1096 2818 1149 2864 δέ
1177 2816 1286 2864 ποτ’
1314 2819 1459 2864 αὐτὸν
1482 2821 1529 2864 Β
1643 2823 1698 2863 18
1721 2817 1869 2863 vam&

182 2875 231 2920 Β
360 2880 415 2920 18
439 2873 506 2920 δι’
527 2902 582 2910 -
609 2882 664 2922 19
689 2876 974 2935 ἁθροισθείη
1006 2891 1082 2922 om
1111 2879 1159 2922 B
1297 2882 1350 2923 19
1383 2875 1451 2930 εἷς
1478 2877 1620 2937 μέγας
1649 2878 1699 2922 in
1730 2877 1868 2922 dubi-

183 2934 410 2979 tationem
439 2936 623 2980 vocavit
654 2935 856 2981 Sintenis

1895 1086 1936 1118 10

1893 1527 1936 1561 15
