2090 3162
721 103 945 146 LIBANII
979 102 1199 148 ORATIO
1234 105 1294 148 XI
1739 108 1844 160 533

168 238 320 303 ἄναξ
362 239 728 307 ἀνθρώπων
768 235 898 291 οὐδὲ
946 237 1256 302 ἀέκοντας
1295 241 1435 294 ἕλκει
1476 243 1611 309 πρὸς
1651 241 1846 295 ἑαυτὸν

167 325 298 381 οὐδὲ
344 328 481 396 πρὸς
526 330 657 395 βίαν
696 330 1082 394 κατακοιμίζει,
1132 328 1268 381 ἀλλὰ
1306 332 1404 397 τὴν
1443 329 1530 382 ἐπὶ
1569 340 1678 383 τῶν
1724 334 1844 398 βλε-

166 417 361 484 φάρων
408 414 622 468 ἐκείνου
670 416 973 484 τυραννίδα
1019 418 1180 484 μόνοι
1226 427 1336 470 τῶν
1374 419 1597 470 πάντων
1635 418 1846 471 ἀπεσει-

167 505 382 570 σάμεθα
420 502 510 556 καὶ
550 505 651 572 τὴν
690 505 851 572 ἡλίου
884 505 1139 571 λαμπάδα
1178 510 1482 574 λαμπτῆρες
1525 506 1699 574 ἕτεροι
1732 508 1845 559 δια-

166 593 418 662 δέχονται
471 594 571 661 τὴν
618 594 943 661 Αἰγυπτίων
997 597 1331 662 λυχνοκαΐαν
1384 598 1697 664 παριόντες,
1755 597 1841 648 καὶ
1892 617 1909 648 5

166 682 487 750 διενήνοχεν
538 680 618 734 ἑνὶ
669 683 818 753 μόνω
872 681 998 750 παρ’
1044 683 1174 750 ἡμῖν
1223 682 1323 746 νὺξ,
1374 682 1574 752 ἡμέρας
1627 691 1700 756 τῷ
1746 691 1844 736 τοῦ

165 770 348 838 φωτὸς
387 770 536 822 εἴδει.
598 778 716 832 ταῖς
747 769 813 823 δέ
847 790 908 838 γε
948 772 1332 839 δημιουργίαις
1361 774 1496 839 πρὸς
1538 778 1661 825 ἴσον
1699 775 1844 841 ἔρχε-

165 878 277 926 ται,
332 858 421 910 καὶ
474 859 527 910 οἱ
577 855 678 927 μὲν
730 860 966 921 εὐτόνως
1017 858 1332 928 ἐργάζονται
1382 863 1586 928 χερσίν,
1638 862 1687 913 οἱ
1741 858 1840 930 δὲΙ

164 946 379 1000 ἁπαλὸν
417 952 615 1015 γελῶσι
654 948 743 1000 καὶ
782 949 919 1016 πρὸς
963 946 1109 1019 ᾠδὴν
1147 947 1402 1001 ἀνίενται.
1478 951 1636 1016 κοινή
1675 969 1756 1011 τις
1787 962 1826 1004 R
1849 966 1931 1005 364

158 1033 468 1103 ‘Hmocc'm'ov
500 1036 589 1088 καὶ
618 1034 941 1105 Ἀφροδίτης
971 1036 1003 1104 ἡ
1036 1034 1135 1098 νὺξ
1168 1046 1279 1088 τῶν
1308 1034 1410 1103 μὲν
1447 1039 1843 1105 χαλκευόντων,
1870 1060 1910 1091 ιο

163 1134 274 1177 τῶν
313 1121 374 1176 δὲ
420 1123 787 1193 ὀρχουμένων,
834 1122 895 1177 ἐν
942 1123 1006 1176 δέ
1049 1143 1109 1191 γε
1154 1133 1272 1186 ταῖς
1317 1125 1504 1187 ἄλλαις
1535 1123 1844 1194 Ἐνδυμίων

163 1216 376 1282 μᾶλλον
413 1214 703 1281 τετίμηται.

275 1301 398 1354 268.
440 1303 637 1363 Ποίοις
676 1298 735 1353 δὲ
775 1298 1004 1354 ἔθνεσιν
1041 1301 1073 1369 ἡ
1109 1303 1267 1363 πόλις
1299 1302 1366 1354 οὐ
1399 1305 1703 1371 λυσιτελής;
1743 1303 1843 1355 οὐκ

165 1389 411 1443 ἐνταῦθα
434 1398 821 1459 χρηματισταῖς
843 1387 946 1456 μὲν
968 1388 1057 1442 ἐπὶ
1080 1394 1326 1442 πλοῦτον
1350 1390 1616 1461 ῥᾳστώνη,
1642 1394 1843 1459 σοφίας

165 1476 226 1531 δὲ
264 1481 512 1547 μετόχοις
549 1479 650 1546 μὲν
690 1480 767 1540 εἰς
806 1477 990 1546 δόξαν,
1031 1477 1390 1547 ἐπιθυμηταῖς
1428 1476 1489 1530 δὲ
1522 1480 1598 1541 εἰς
1628 1487 1843 1547 κτῆσιν;
1869 1501 1909 1533 15

165 1568 265 1621 οὐκ
297 1566 672 1620 ἑνσπουδάσαι
695 1564 797 1634 μὲν
822 1566 1023 1635 ἀγαθή,
1057 1566 1428 1635 ε’νευπαθῆσαι
1455 1567 1514 1620 δὲ
1546 1566 1844 1636 ἐπιτηδείας

164 1656 265 1725 οὐχ
326 1656 509 1708 ἵππων
572 1655 779 1723 ἀγῶνες
839 1658 959 1723 ἔριν
1012 1654 1376 1709 ἀστασίαστον
1428 1653 1665 1724 ἔχοντεςς
1743 1656 1844 1709 οὐκ

165 1743 459 1815 ἀθύρματα
511 1752 734 1813 σκηνῆς;
813 1744 914 1796 οὐκ
964 1743 1252 1797 ἀντίπαλοι
1301 1752 1419 1806 ταῖς
1457 1746 1750 1812 φροντίσιν
1789 1745 1844 1796 αἱ

164 1834 460 1901 θυμηδίαι;
538 1833 604 1885 οὐ
645 1834 707 1886 τὸ
747 1841 859 1885 τῶν
890 1830 1125 1884 Ἠλείων
1165 1833 1369 1900 σεμνὸν
1407 1830 1649 1885 ἐνταῦθα
1694 1851 1843 1900 μετε-

165 1924 376 1990 λήλυθε
414 1919 507 1974 καὶ
546 1923 676 1983 τοὺς
715 1921 1083 1983 διδασκάλους
1120 1929 1231 1972 τῶν
1262 1918 1574 1987 Ὀλυμπίων
1611 1928 1675 1990 τῇ
1706 1922 1844 1988 πρὸς
1867 1942 1911 1975 20

163 2010 263 2063 τὸν
295 2012 407 2063 Δία
436 2019 562 2081 τιμῇ
594 2009 1033 2080 παρηνέγκαμεν;
1096 2008 1218 2061 269.
1258 2016 1456 2061 τοῦτον
1493 2010 1597 2077 ἤδη
1637 2029 1718 2071 τις
1747 2010 1844 2062 τὸν

285 2161 307 2200 1
343 2155 427 2200 Od.
453 2174 481 2200 κ
506 2160 591 2200 266
741 2161 768 2198 4
793 2155 939 2198 Amm.
966 2154 1026 2197 M.
1052 2153 1158 2197 XIV
1183 2158 1220 2206 1,
1248 2158 1272 2197 9
1306 2167 1408 2196 eum
1443 2155 1555 2197 nota
1580 2152 1754 2197 Valesii

165 2219 192 2258 5
222 2215 509 2318 {33130621
540 2215 712 2318 2'I'hem.
742 2228 805 2259 or.
832 2213 895 2257 IV
925 2229 968 2270 p.
995 2217 1050 2255 49
1174 2217 1226 2255 15
1259 2211 1375 2256 Plat.
1403 2211 1635 2268 Euthyph.
1670 2227 1713 2268 p.
1743 2217 1795 2255 14
1813 2212 1844 2254 d

285 2396 339 2436 11
369 2389 631 2450 Ἐνδυμίων
662 2392 742 2436 καὶ
772 2391 992 2447 ὑπνώδην
1024 2389 1207 2445 σφόδρα
1240 2389 1308 2433 B²

277 2529 309 2568 Α1
337 2525 604 2581 ἀνθρώπων
635 2523 802 2581 scripsi
833 2522 935 2567 coll.
962 2522 1011 2566 11.
1039 2522 1067 2566 l.
1094 2521 1122 2565 l.
1156 2535 1211 2566 ex
1236 2523 1269 2565 I
1286 2521 1352 2578 (in
1384 2534 1475 2577 quo
1507 2522 1664 2565 tamen
1697 2520 1765 2564 ω’
1795 2520 1843 2564 in

165 2583 351 2639 ἀνδρῶν
383 2586 655 2640 correctum)
688 2582 949 2628 MBMoGa
1016 2582 1200 2636 ἀνδρῶν
1227 2580 1408 2626 CAPU
1423 2579 1514 2623 edd
1635 2585 1659 2622 3
1693 2578 1844 2623 ἁπάν-

163 2658 256 2686 των
287 2642 403 2687 ΙΜο
523 2649 551 2687 4
573 2643 655 2687 καὶ
679 2668 735 2675 -
760 2647 786 2684 5
817 2639 1066 2696 παριόντες
1096 2640 1212 2684 citat
1235 2638 1350 2683 Plan
1375 2638 1453 2683 fol.
1479 2642 1559 2682 99*
1665 2643 1690 2681 5
1715 2653 1843 2693 περι-

166 2700 297 2752 όντες
318 2701 421 2745 Mor
451 2701 576 2758 quod
608 2700 806 2746 correxit
828 2699 1042 2743 Valesius
1073 2698 1102 2742 1.
1127 2698 1156 2742 l.
1258 2702 1284 2742 8
1309 2698 1359 2743 ἐν
1383 2709 1523 2755 supra
1554 2698 1605 2742 εὐ
1637 2696 1685 2741 in
1716 2695 1843 2742 εὐτό-

166 2776 257 2810 νως
287 2759 345 2803 1²
419 2759 617 2812 ἐντόνως
646 2760 748 2803 Μοι·
788 2759 794 2817 Ι
837 2757 882 2802 οἱ
924 2757 993 2816 δὲ]
1039 2758 1119 2802 καὶ
1151 2758 1236 2802 Mo
1388 2760 1439 2800 13
1477 2753 1658 2806 ὁποίοις
1687 2755 1755 2800 Re

169 2852 222 2892 17
257 2835 402 2892 ἵππιόν
426 2850 472 2893 A
506 2850 512 2904 Ι
548 2848 633 2892 οὐκ
663 2847 915 2904 ἀθύρματα
947 2860 1021 2891 om
1055 2846 1119 2892 Ca
1270 2849 1325 2888 18
1364 2850 1537 2902 σκηνῆς
1573 2846 1680 2901 post
1716 2842 1844 2888 ἀντί-

166 2910 306 2974 παλοι
341 2908 404 2953 Ca
525 2911 579 2950 21
611 2903 681 2957 τίς
711 2907 786 2951 ΙΒ
