2090 3162
262 147 366 199 518
812 146 1037 189 LLBANH
1069 146 1291 191 ORATIO
1323 147 1385 189 XI

260 282 510 350 ἐμπόρων
566 281 1066 350 εὐδαιμονέστεραι,
1123 281 1243 335 ἀντὶ
1296 283 1495 351 ῥοθίου
1548 282 1635 335 καὶ
1685 284 1939 350 κυμάτων

261 373 365 423 σὺν
406 371 598 438 γέλωτι
631 371 720 422 καὶ
752 372 925 442 κρότῳ
959 373 1203 439 χρήματα
1236 370 1602 440 ἐργαζόμεναι,
1643 373 1808 440 μικρὰ
1846 381 1940 441 τῆς

258 461 465 520 πόλεως
535 457 827 529 χρῄζουσαι
891 460 981 511 διὰ
1042 460 1143 527 τὴν
1206 458 1257 522 ἐξ
1330 459 1580 527 ἀλλήλων
1641 459 1938 513 ἀντίδοσιν.

259 548 377 598 231.
432 547 669 617 ἀθρείτω
711 549 780 615 δή
818 567 898 610 τις
937 548 1026 599 καὶ
1065 549 1130 600 τὰ
1170 548 1274 615 πρὸ
1315 557 1425 600 τῶν
1463 553 1676 600 πυλῶν·
1729 548 1795 601 οὐ
1836 550 1937 618 γὰρ

213 657 232 687 5
259 634 470 698 ἀξιώσει
510 655 570 702 γε
609 637 907 688 πανδοκεῖα
944 645 1281 705 προσειπεῖν,
1322 636 1458 689 ἀλλὰ
1497 637 1676 704 φυλὰς
1715 639 1937 705 πόλεως,

259 723 376 776 ἀλλ’
423 725 496 786 ὡς
545 725 742 792 ταύτης
794 721 934 777 εἶναι
986 727 1175 792 μόνης·
1231 725 1404 787 οὕτως
1458 725 1754 793 ἠκρίβωται
1803 727 1941 794 πρὸς

256 813 353 865 τὸν
403 814 530 865 εἴσω
585 816 746 880 ζῆλον
785 815 849 865 τα
901 812 998 876 ἔξω
1049 813 1138 865 καὶ
1186 822 1366 883 τρυφῇ
1415 812 1503 866 καὶ
1551 817 1805 882 λουτροῖς
1850 816 1938 866 καὶ

256 900 470 970 τέχναις
523 900 613 954 καὶ
668 908 742 972 τῷ
793 907 1197 954 συνοικεῖσθαι·
1253 900 1376 954 ὥστ’
1432 907 1487 954 εἴ
1533 921 1615 964 τις
1668 903 1729 954 τὸ
1783 904 1939 971 τρίχα

258 989 591 1059 διῃρημένον
631 993 707 1052 εἰς
747 989 844 1043 ἕνα
874 991 1050 1043 τύπον
1083 993 1408 1059 συνήγαγεν,
1450 988 1735 1059 ἐξήρκεσεν
1775 990 1844 1043 ἂν
1875 992 1940 1043 τὰ

190 1100 231 1131 10
256 1085 361 1130 νῦν
401 1079 505 1148 πρὸ
547 1087 641 1147 τῆς
679 1081 885 1141 πόλεως
925 1074 1066 1131 εἶναι
1106 1081 1275 1141 πόλις.
1346 1079 1467 1130 232.
1508 1079 1690 1147 ὥσπερ
1731 1081 1833 1148 γὰρ
1874 1081 1939 1132 τὰ

253 1168 359 1235 πρὸ
400 1177 511 1220 τῶν
548 1170 843 1234 βασιλείων
881 1176 1088 1235 μετεῖχε
1127 1175 1222 1235 τῆς
1262 1168 1427 1219 ἔνδον
1466 1169 1792 1236 σεμνότητος
1831 1173 1939 1220 λει-

254 1258 464 1322 πόμενα
517 1253 618 1322 μὲν
671 1265 781 1309 τῶν
833 1254 1016 1324 ἔνδον,
1070 1255 1378 1326 παρέχοντα
1434 1253 1493 1308 δὲ
1548 1258 1937 1325 τεκμαίρεσθαι

254 1353 368 1406 τοῖς
409 1343 657 1398 ἐλάττοσι
696 1346 761 1397 τὰ
800 1347 986 1413 μείζω,
1033 1345 1206 1406 οὕτως
1245 1344 1351 1397 ἀπὸ
1391 1352 1486 1412 τῆς
1525 1346 1731 1407 πόλεως
1769 1344 1938 1414 ε’ρρύη

253 1453 335 1495 τις
375 1431 462 1484 ε’πὶ
501 1434 566 1485 τὰ
604 1435 710 1502 πρὸ
750 1443 861 1486 τῶν
900 1442 1095 1502 τειχῶν
1134 1433 1408 1501 ὁμοιότης,
1457 1434 1594 1486 ὥστε
1633 1432 1939 1496 ἐξελαύνων

190 1541 231 1574 15
257 1523 450 1589 φήσεις
500 1520 560 1574 ἐν
612 1519 928 1592 βραχυτέρῳ
979 1522 1130 1592 τύπῳ
1184 1526 1422 1590 θεωρεῖν
1474 1520 1507 1573 ἃ
1557 1519 1937 1589 ἀπολέλοιπας,

254 1611 345 1662 καὶ
413 1611 789 1662 εἰσελαύνοντι
858 1611 1271 1679 προμεμήνυται
1330 1618 1446 1671 τοῖς
1505 1607 1604 1672 ἔξω
1666 1610 1733 1661 τὰ
1794 1609 1936 1661 εἴσω.

255 1697 377 1750 233.
415 1699 592 1750 πάντα
631 1696 731 1765 μὲν
770 1687 874 1751 οὖν
912 1707 1005 1767 τῆς
1044 1698 1210 1765 αὐτῆς
1251 1697 1420 1765 ἰδέας,
1468 1699 1532 1750 τὰ
1581 1695 1641 1750 δὲ
1688 1698 1754 1766 δὴ
1801 1698 1939 1767 πρὸς

257 1787 490 1855 δυσμάς,
541 1785 848 1857 “Ηράκλεις,
904 1786 976 1849 ὡς
1031 1787 1207 1839 πάντα
1260 1783 1361 1854 μὲν
1407 1787 1598 1854 τᾶλλα,
1653 1787 1831 1839 πάντα
1877 1787 1938 1839 δὲ

189 1896 230 1928 19
255 1877 425 1943 λόγον
463 1882 603 1946 νικᾷ.
680 1874 770 1927 καὶ
809 1863 952 1942 μόνα
989 1882 1160 1927 ταῦτα
1201 1875 1342 1928 ἰδεῖν
1381 1873 1553 1942 ἄξιον,
1601 1874 1838 1937 ἀκούσας
1876 1871 1938 1926 δὲ

165 1975 207 2018 R
227 1979 311 2019 350
335 1965 531 2032 ἥδιστα
555 1963 729 2026 οὕτως
745 1962 814 2016 ἂν
835 1962 838 2034 ἶ
861 1964 961 2032 οὐχ
980 1964 1113 2016 ὅσον
1138 1961 1293 2026 ἄξιον
1310 1963 1585 2025 ἀκούσαις.
1621 1962 1743 2014 234.
1763 1962 1936 2025 εὐθὺς

253 2049 354 2119 μὲν
392 2052 795 2120 ὑπερβάλλοντι
833 2053 928 2114 τὰς
972 2053 1147 2114 πύλας
1193 2050 1254 2104 ἐν
1301 2051 1606 2118 εὐωνύμοις
1650 2053 1842 2120 κήπων
1879 2069 1936 2103 τε

374 2247 398 2284 2
425 2241 578 2298 μακρὰ
605 2241 643 2286 G
671 2241 752 2284 sed
783 2257 833 2296 μι
858 2255 1072 2296 suprascr
1094 2241 1124 2295 f
1229 2245 1254 2283 3
1279 2239 1525 2298 χρῄζουσαι
1549 2240 1937 2285 AUIMBMoOa

257 2301 348 2343 edd
461 2305 485 2343 5
512 2300 718 2352 ἀξιώσειε
736 2300 956 2344 ΡΜΒΟα
983 2300 989 2356 1
1017 2316 1067 2356 γε
1090 2299 1214 2343 inser
1231 2299 1361 2342 P³I²
1421 2313 1497 2342 om
1523 2299 1696 2343 MBOa
1724 2299 1730 2356 Ξ
1755 2298 1935 2343 πόλεων

256 2359 317 2402 Μ
434 2363 458 2401 7
490 2374 603 2402 num
632 2366 724 2403 τῶν
741 2365 761 2403 ‘?
797 2361 802 2415 Ι
838 2358 939 2402 ἴσον
964 2359 1048 2403 Mo
1169 2364 1195 2401 9
1226 2356 1371 2402 τόπον
1396 2358 1480 2401 Mo
1602 2362 1656 2401 14
1681 2355 1787 2401 ὥστ’
1815 2359 1851 2401 Ι
1867 2358 1934 2401 Re

315 2421 369 2460 16
401 2417 459 2461 τὰ
491 2417 595 2462 εἴσω
626 2425 724 2469 τοῖς
755 2418 837 2470 ἔξω
871 2417 956 2461 Mo
1077 2421 1132 2461 18
1159 2415 1406 2472 “Ηράκλεια
1439 2415 1476 2460 Ο
1494 2416 1690 2460 Mueller
1719 2416 1932 2460 Antioch.

255 2481 345 2578 {114
348 2478 500 2592 5126}bb
532 2476 800 2592 &1191ssssss
813 2476 1165 2588 '5215222111'1222511323
1194 2476 1261 2577 {11
1251 2480 1339 2578 νέξ
1345 2481 1383 2576 ἒ
1405 2475 1935 2591 ΙΙῖιέὲὲξῖἶῗοὲὲοῇἓξξό

254 2594 336 2638 καὶ
366 2594 491 2650 quod.
521 2594 570 2638 in
602 2595 648 2638 A
678 2596 749 2638 esb
780 2593 1000 2649 deletum)
1030 2595 1067 2638 I
1202 2597 1255 2636 19
1289 2593 1471 2649 μόνονῗ
1509 2594 1514 2651 Ι
1554 2593 1759 2644 ἀκούσας
1787 2619 1846 2625 -
1877 2597 1934 2636 20

178 2646 187 2657 ’
256 2653 479 2704 ἀκούσαις
501 2653 667 2709 scripsi
726 2654 924 2697 ἀκοῦσαι
947 2651 999 2696 δὲ
1023 2653 1164 2709 (inser
1187 2654 1216 2696 1
1227 2651 1244 2677 ²
1266 2651 1314 2696 τὲ
1338 2652 1419 2709 Μ)
1451 2650 1614 2707 ἥκιστα
1638 2652 1738 2708 (sed
1769 2650 1934 2708 ἥδιστα

255 2712 306 2754 in
335 2726 469 2769 marg
491 2713 537 2756 A
568 2717 616 2755 et,
645 2711 775 2756 Bodl.
801 2711 929 2754 Misc.
956 2715 1011 2754 57
1043 2711 1121 2755 fol.
1149 2714 1222 2768 51)
1266 2709 1411 2760 οὕτως
1451 2710 1655 2762 ἀκούσας
1697 2711 1780 2768 οὐχ
1825 2707 1934 2766 ὅσον

258 2770 390 2823 ἄξιον
415 2770 639 2822 ἀκούσαις
661 2770 772 2814 libri
833 2770 977 2824 ἄξιον,
1002 2771 1082 2814 καὶ
1106 2771 1304 2814 ἀκοῦσαι
1327 2767 1510 2825 ἥκιστα·
1537 2769 1654 2814 οὕτω
1679 2768 1767 2827 γὰρ
1793 2767 1934 2812 ἀκού-

258 2843 362 2884 σας,
395 2830 477 2887 οὐχ
510 2826 618 2873 ὅσον
651 2828 796 2884 ἄξιον,
829 2829 1052 2880 ἀκούσαις
1084 2829 1188 2873 coni
1219 2829 1286 2872 Re
1347 2826 1524 2872 εἰδέναι
1555 2827 1688 2882 ἄξιον
1712 2827 1934 2876 ἀκούσαις

258 2887 448 2943 reliquis
491 2887 673 2932 omissis
705 2888 806 2932 Mor
940 2892 993 2931 21
1035 2888 1118 2944 μὲν
1149 2886 1236 2944 γὰρ
1270 2886 1354 2932 Mo
1370 2886 1437 2930 Re
1473 2887 1478 2945 Ι
1514 2885 1842 2945 ὑπερβάλλοντι
1883 2884 1934 2928 in

257 2946 562 3004 ὑπερβαλόντι
593 2961 694 2991 corr
717 2946 774 2990 1²
848 2945 1152 3004 ὑπερβαλόντι
1178 2946 1262 2990 Mo

269 3092 294 3124 ἱ
