2090 3162
217 133 324 185 486
770 134 995 176 LIBANH
1027 132 1249 178 ORATIO
1283 135 1345 178 XI

217 268 522 337 δεξάμενοι,
571 270 629 321 τὸ
678 266 739 321 δὲ
786 267 867 321 ἐπ’
914 269 1097 321 αὐτῶν
1136 269 1320 336 μένειν
1360 270 1759 340 ἀγαπήσαντες,
1809 272 1898 330 καὶ

216 357 268 408 οἱ
299 354 399 424 μὲν
431 362 504 425 τῷ
537 363 739 423 φυγεῖν
770 357 865 418 τὰς
898 356 1079 425 ἀρχάς,
1113 358 1165 409 οἱ
1197 354 1257 409 δὲ
1289 365 1362 428 τῷ
1402 360 1534 424 μετὰ
1570 369 1680 412 τῶν
1713 363 1899 429 νόμων

217 443 369 512 ἄρξαι
410 446 783 513 κεκόσμηνται.

328 532 445 585 150.
496 534 634 602 Περὶ
686 530 746 585 δὲ
785 541 884 586 τοῦ
925 535 1131 601 δήμου
1180 537 1237 587 τί
1282 539 1466 604 μεῖζον
1506 542 1650 590 εἴποι
1696 558 1777 600 τις
1829 537 1897 590 ἂν

170 620 244 688 5ἢ
301 621 382 673 ὄτι
438 629 501 691 τῇ
555 625 728 691 βουλῇ
783 621 1006 691 πρέπων
1053 622 1081 675 ὁ
1136 624 1307 692 δῆμος
1360 625 1450 677 καὶ
1505 626 1629 678 οὔτε
1685 626 1899 694 ἐκείνην

216 708 403 778 ἑτέρου
435 718 573 779 χρῆν
604 711 935 779 προεστάναι
968 713 1166 764 τοῦτόν
1194 732 1250 764 τε
1283 713 1541 779 οὐδεμιᾶς
1571 723 1683 767 τῶν
1707 725 1899 768 πασῶν

213 797 396 867 ἑτέρας
451 795 607 852 εἶναι.
693 800 867 862 οὕτως
921 801 953 868 ἡ
1007 797 1109 867 μὲν
1163 801 1371 869 ἡγεῖται
1425 808 1697 872 χρηστῶύ,
1753 803 1780 856 ὁ
1838 801 1898 856 δὲ

214 887 456 957 ἀρίστοις
496 887 704 956 ἕπεται,
743 888 995 958 καθάπερ
1036 887 1212 952 δεξιὸς
1250 892 1412 959 χορὸς
1450 894 1737 964 κορυφαίῳ
1777 894 1898 958 βελ-

211 979 368 1028 τίονι.
449 975 566 1028 151.
618 985 837 1046 πρῶτον
887 975 987 1044 μὲν
1037 979 1139 1047 γὰρ
1191 981 1333 1047 γυνή
1382 978 1444 1032 τέ
1490 978 1639 1032 ἐστιν
1692 978 1896 1051 ἑκάστῳ

145 1086 186 1118 10
210 1063 300 1116 καὶ
332 1066 523 1127 παῖδες
554 1066 644 1117 καὶ
675 1065 708 1134 ἡ
741 1064 856 1121 κατ’
895 1063 1052 1119 οἷκον
1083 1070 1407 1136 κατασκευή·
1446 1075 1616 1120 ταῦτα
1648 1066 1709 1121 δὲ
1741 1069 1897 1122 εὐλά-

207 1155 365 1219 βειαν
403 1155 690 1206 παιδεύειν
729 1155 961 1207 δύναται
1007 1155 1096 1207 καὶ
1145 1155 1204 1207 τὸ
1245 1157 1344 1224 τὴν
1382 1155 1617 1225 ἡσυχίαν
1657 1158 1895 1225 διώκειν,

208 1243 387 1311 ὥσπερ
422 1235 503 1304 οἷς
535 1239 703 1295 οὐδὲν
725 1244 938 1296 τούτων
970 1243 1098 1311 ἐστί,
1126 1244 1341 1306 στάσεις
1371 1263 1428 1296 τε
1466 1244 1608 1309 ὀξεῖς
1641 1245 1896 1312 ἐμβαλεῖν

206 1329 297 1383 καὶ
322 1329 500 1399 ξιφῶν
524 1332 774 1394 ἅψασθαι
798 1333 887 1384 καὶ
917 1330 1112 1402 τέρψιν
1135 1335 1478 1401 ποιήσασθαι
1510 1334 1571 1386 τὸ
1599 1336 1894 1403 φθειρόμε-

205 1439 308 1472 νον
338 1420 428 1472 καὶ
460 1421 754 1490 συμφορὰν
786 1421 891 1493 ὅτῳ
922 1422 1143 1490 τύχοιεν
1172 1423 1579 1490 προσβαλόντες
1610 1420 1692 1475 ἐπ’
1726 1424 1895 1476 ἄλλον

140 1529 182 1561 15
206 1507 562 1577 ἀποδραμεῖν,
601 1507 634 1561 ἃ
671 1510 849 1562 πολλὰ
887 1506 990 1576 μὲν
1028 1508 1144 1562 κατ’
1172 1515 1477 1579 Αἴγυπτον,
1516 1512 1695 1563 πολλὰ
1733 1508 1794 1564 δὲ
1834 1511 1895 1563 ἐν

199 1595 402 1668 Ἰταλίᾳ
447 1601 709 1666 τολμᾶται
754 1607 866 1650 τῶν
903 1594 1005 1666 μὲν
1044 1599 1190 1650 ἅπαν
1228 1598 1372 1667 ῥῆμα
1410 1599 1667 1669 θορύβου
1704 1617 1896 1652 ποιου-

205 1685 388 1751 μένων
417 1687 717 1755 πρόφασιν,
756 1695 869 1739 τῶν
908 1683 969 1739 δὲ
1009 1685 1070 1739 ἐν
1101 1695 1220 1749 ταῖς
1248 1694 1344 1755 τῆς
1381 1690 1585 1756 βουλῆς
1624 1687 1896 1755 ἀκαιριάις

116 1785 157 1829 R
182 1790 266 1829 322
299 1775 654 1843 τρυφώντων.
738 1775 854 1828 152.
906 1775 934 1828 ὁ
984 1775 1045 1828 δὲ
1083 1774 1209 1845 παρ’
1255 1777 1385 1844 ἡμῖν
1425 1777 1595 1844 δῆμος
1633 1777 1699 1828 τὰ
1733 1775 1738 1846 Ι
1774 1779 1896 1828 παί-

206 1863 319 1915 δων
357 1871 596 1929 μιμεῖται
633 1864 770 1934 πρὸς
807 1872 1006 1932 γονεῖς,
1045 1862 1137 1916 καὶ
1178 1865 1282 1933 γὰρ
1323 1865 1355 1933 ἡ
1395 1866 1570 1933 βουλὴ
1601 1865 1737 1934 πρὸς
1768 1872 1894 1917 τοῦ-

323 2027 378 2067 14
409 2023 513 2078 Lys.
549 2023 675 2080 apud
706 2024 873 2068 Athen.
899 2023 985 2067 ΧΠ
1014 2039 1058 2080 p.
1086 2023 1195 2068 552¹>
1229 2023 1299 2080 (fr.
1326 2023 1513 2067 Lxxm
1540 2028 1623 2068 143
1649 2023 1832 2081 Thalh.)

321 2175 346 2213 2
379 2178 470 2215 τῶν
495 2185 570 2214 om
593 2171 766 2215 APUI
791 2171 872 2215 sed
903 2171 953 2214 in
984 2171 1072 2215 hoc
1102 2184 1265 2214 rasura
1297 2175 1322 2215 3
1354 2171 1451 2215 fere
1481 2170 1760 2224 litterarum,
1789 2171 1893 2214 Mor

263 2234 289 2271 3
320 2245 516 2286 κεκοσμη
564 2230 613 2273 in
659 2228 965 2286 κεκόσμηνται
1010 2230 1059 2274 in
1098 2244 1173 2274 ras
1206 2229 1265 2274 1²
1413 2236 1441 2274 4
1472 2230 1579 2332 περὸὶ
1618 2237 1699 2274 τοῦ
1741 2207 1890 2287 δήμου

201 2287 368 2332 titulus
399 2288 450 2332 in
479 2303 614 2346 marg
647 2289 863 2334 OABMo
990 2294 1016 2333 5
1046 2287 1227 2343 πρέπον
1266 2289 1419 2335 UIMo
1637 2295 1724 2345 ρῆν
1757 2302 1781 2332 e

204 2361 306 2390 corr
335 2347 392 2391 1²
469 2348 576 2407 ἔχρη
580 2365 606 2391 ν
638 2347 723 2392 Mo
757 2349 763 2403 Ι
798 2363 846 2392 τε
879 2347 1043 2405 scripsi
1076 2362 1100 2392 e
1133 2348 1244 2392 ΒΜ
1314 2347 1367 2392 δε
1404 2347 1575 2404 reliqui
1633 2348 1724 2391 ibri
1757 2362 1781 2392 e
1817 2349 1847 2391 d
1882 2350 1888 2404 Ι

204 2405 312 2450 οὐδὲ
345 2413 453 2463 μιᾶς
485 2364 576 2450 Μη
671 2410 696 2449 ’7
727 2405 838 2463 ἡμῖν
871 2407 955 2451 Mo
990 2409 996 2464 Ι
1030 2414 1123 2451 τῶν
1154 2413 1362 2479 χρηστῶν
1393 2407 1568 2452 BMGa
1698 2411 1724 2450 8
1756 2407 1895 2465 χορὸς

201 2465 328 2508 inser
349 2464 408 2509 1²
491 2471 516 2509 9
541 2482 588 2510 τε
611 2465 738 2509 inser
756 2465 865 2510 Mo'
955 2470 1010 2509 10
1034 2465 1303 2522 παρασκευὴ
1330 2465 1594 2511 ΒΜΜοΟα
1686 2470 1740 2509 12
1767 2465 1891 2510 ἐστὶν

202 2524 350 2569 ΑΡΠ
403 2523 496 2568 ἔστι
521 2525 606 2570 Mo
633 2527 638 2581 Ι
667 2523 826 2569 στάσιν
853 2524 891 2569 Ο
911 2525 993 2568 sed.
1017 2524 1198 2575 στάσεις
1221 2537 1446 2581 suprascr.
1473 2525 1555 2578 111²
1581 2526 1613 2569 Ι
1639 2524 1721 2569 sed
1753 2538 1893 2581 supra

202 2599 250 2626 ιν
288 2595 464 2639 rasura,
505 2583 747 2628 UBMoGa
795 2585 802 2639 Ι
853 2582 972 2636 ὀξεῖς
1005 2585 1043 2629 Ο
1081 2584 1163 2628 sed
1200 2584 1228 2628 ύ
1269 2596 1408 2640 supra
1449 2590 1514 2634 εῖς
1555 2597 1779 2640 suprascr.
1813 2597 1835 2628 s

206 2645 260 2684 13
333 2649 457 2700 νχῶν
484 2643 567 2687 Mo
697 2647 752 2686 14
782 2642 966 2700 τύχοιεν
999 2643 1163 2700 scripsi
1195 2656 1299 2686 cum
1324 2641 1497 2686 Cobeto
1519 2641 1652 2686 Misc.
1679 2642 1778 2686 crih.
1807 2647 1890 2686 141

203 2699 711 2832 Βθτυχξτιριξῑέιαξλῗένῗεις
734 2699 1344 2818 cffgpssazzzsgoeffizggprg
1374 2700 1892 2832 ζὲιῖσξιοςλόίἰταιῗαεΜωῖᾑ

203 2818 459 2863 APUBCa
530 2818 904 2876 προσβάλλοντας
936 2820 1057 2864 ΜοΙ
1093 2819 1174 2863 sed.
1210 2819 1261 2863 in
1298 2818 1386 2862 hoc
1418 2817 1469 2876 β’
1477 2821 1526 2862 λλ
1557 2819 1607 2862 in
1636 2831 1712 2863 ras
1743 2817 1814 2862 m'
1845 2819 1894 2861 et

205 2878 368 2920 acutus
400 2889 540 2934 supra
565 2892 589 2921 ο
614 2890 772 2921 erasus
896 2881 949 2921 15
983 2875 1028 2921 δ’
1058 2878 1125 2921 Re
1249 2881 1303 2921 18
1334 2877 1463 2934 ἡμῶν
1489 2878 1573 2923 Mo
1696 2882 1750 2920 19
1782 2877 1893 2927 τοὺς

203 2942 358 2991 γονεῖς
374 2936 470 2980 ΠΙ
1299 2969 1302 2971 Α
