2090 3162
711 92 938 135 LIBANII
971 91 1194 135 ORATIO
1227 91 1331 134 VIII
1755 92 1859 144 387

183 229 243 281 δὲ
295 223 436 281 εἶναι
487 235 550 297 τῇ
592 226 719 297 δόξῃ
760 230 890 290 τοὺς
936 226 1276 295 πενομένους
1317 227 1517 289 αὐτοὺς
1559 226 1864 295 στένοντας,

181 318 264 370 ὅτι
303 318 374 384 μὴ
414 317 728 384 τεθνήκασι.

291 406 338 458 5.
381 406 534 474 Πρὸς
572 405 672 471 μὲν
713 401 816 458 οὖν
855 412 1024 457 ταῦτα
1063 405 1129 457 οὐ
1170 413 1443 473 μαχοῦμαι
1484 403 1603 457 οὐδ’
1643 403 1712 457 ὀὲν
1751 403 1866 457 ἐπι-

178 497 450 563 λαβοίμην
482 495 609 546 οὔτε
642 494 815 561 λύπης
846 502 939 562 τῆς
969 492 1095 562 περὶ
1129 501 1298 546 ταῦτα
1338 494 1463 546 οὔτε
1498 495 1700 561 λόγων·
1741 490 1856 545 ἀλλ’

178 581 292 636 ἔστι
331 583 419 635 καὶ
459 581 643 650 ἕτερος
683 586 919 644 πλοῦτος
958 581 1047 634 καὶ
1089 580 1244 651 ἑτέρα
1275 584 1452 649 πενία,
1493 591 1606 644 τοῖς
1636 586 1861 645 πολλοῖς
1907 603 1932 642 5,

177 671 242 724 οὐ
295 672 570 724 δοκοῦντα
621 667 764 723 εἶναι
814 678 1053 723 τοιαῦτα.
1140 672 1348 724 οὔκουν
1399 671 1524 723 οὔτε
1574 673 1864 740 παρόντων

173 763 434 812 πλουτεῖν
460 759 719 826 λέγουσιν
751 761 1055 829 ἄνθρωπον
1087 760 1213 813 οὔτε
1246 759 1550 829 οἰχομένων
1581 759 1862 812 πένεσθαι.

176 850 223 901 6.
264 851 386 901 τίνα
426 849 493 917 δὴ
534 849 704 900 ταῦτά
743 847 879 913 ἐστι;
928 850 1096 917 φίλοι.
1176 847 1316 917 φημὶ
1366 850 1468 916 γὰρ
1521 849 1593 916 δὴ
1628 850 1725 901 τὸν
1762 849 1863 917 μὲν

172 938 486 1005 πολύφιλον
526 931 673 989 εἶναί
708 957 765 989 τε
795 938 1070 989 πλούσιον
1102 936 1190 989 καὶ
1225 938 1344 990 δεῖν
1376 938 1519 990 οὕτω
1553 941 1861 1005 καλεῖσθαι,

171 1026 269 1078 τὸν
308 1024 369 1078 δὲ
417 1025 525 1078 ὑπὸ
565 1033 665 1078 τοῦ
707 1027 1042 1088 Πλούτωνος
1089 1033 1252 1079 τοῦτο
1304 1025 1663 1095 ἀφῃρημένον
1702 1044 1857 1093 γεγο-
1883 1047 1926 1079 10

170 1113 326 1167 νέναι
357 1113 576 1182 πένητα.
643 1115 687 1166 7.
729 1114 760 1182 ἣ
802 1114 868 1166 οὐ
899 1116 1171 1167 πλουσίου
1205 1113 1295 1167 καὶ
1326 1116 1601 1183 μακαρίου
1635 1118 1861 1176 πολλοῖς

168 1203 270 1271 μὲν
302 1203 616 1271 ὀφθαλμοῖς
648 1202 803 1270 ὁρᾶν,
836 1206 1063 1265 πολλοῖς
1095 1203 1157 1255 δὲ
1188 1202 1325 1256 ὠσὶν
1357 1203 1599 1271 ἀκούειν,
1631 1206 1860 1264 πολλαῖς

172 1288 232 1344 δὲ
271 1297 513 1361 χρῆσθαι
553 1292 706 1360 χερσὶ
745 1290 835 1344 καὶ
876 1291 1024 1354 ὅλοις
1063 1311 1124 1359 γε
1165 1293 1378 1358 σώμασί
1407 1311 1462 1344 τε
1495 1290 1585 1344 καὶ
1619 1292 1859 1360 γνώμαις

173 1388 290 1442 ταῖς
341 1379 445 1432 ἀπὸ
497 1381 731 1443 τούτων;
782 1379 814 1447 ἢ
856 1381 1110 1451 τυράννῳ
1161 1381 1262 1447 μὲν
1300 1380 1437 1447 μέγα
1487 1381 1564 1442 εἰς
1603 1381 1857 1449 φυλακὴν

168 1469 357 1521 εὔνοιά
411 1488 467 1521 τε
520 1469 611 1521 καὶ
663 1471 881 1536 πλῆθος
928 1470 1280 1539 δορυφόρων,
1336 1468 1499 1538 ἀνδρὶ
1547 1466 1607 1522 δὲ
1663 1469 1851 1537 ἰδιώτῃ
1876 1489 1916 1522 15

167 1559 367 1626 μικρόν
416 1579 466 1609 τι
518 1556 607 1610 καὶ
660 1561 879 1625 φαῦλον
919 1558 1110 1610 εὔνοιά
1161 1577 1217 1610 τε
1269 1559 1358 1611 καὶ
1408 1561 1623 1626 πλῆθος
1675 1556 1856 1625 ἐπιτη-

172 1647 358 1710 δείωνς

285 1870 336 1908 11
371 1865 484 1909 Xen.
512 1863 612 1920 Cyr.
638 1864 743 1908 VIII
770 1870 809 1918 2,
838 1869 891 1908 10
911 1879 976 1920 sq.
1115 1869 1168 1908 14
1194 1864 1311 1908 Plat.
1338 1865 1451 1922 Rep.
1479 1865 1585 1909 Vm
1612 1869 1666 1908 18
1698 1880 1741 1921 p.
1768 1869 1854 1908 567

292 2077 316 2115 2
352 2069 419 2116 ὅτι
452 2071 510 2128 μὴ
543 2070 798 2127 τεθνήκασι
831 2070 1074 2121 στένοντας
1097 2071 1198 2114 Mor
1294 2077 1322 2115 4
1347 2070 1475 2125 παρὰ
1500 2073 1585 2116 Mo
1683 2076 1709 2114 5
1734 2071 1855 2115 ἔστιν

169 2130 320 2186 ἕτερος
344 2133 428 2176 Mo
472 2134 477 2187 Ι
522 2129 674 2187 ἕτερος
705 2130 780 2174 del
804 2130 902 2175 La²
945 2131 949 2187 Ι
991 2133 1186 2180 πλοῦτος
1217 2143 1292 2173 om
1315 2130 1391 2174 La
1433 2133 1438 2186 Ι
1479 2132 1675 2180 πλοῦτος
1705 2129 1857 2185 ἕτερος

165 2190 291 2235 BVa
313 2190 423 2233 Fen·
447 2190 548 2234 Mor
688 2194 713 2233 6
740 2190 910 2234 οὐκοῦν
938 2189 1017 2234 CA
1030 2190 1173 2234 UILa
1184 2190 1251 2234 Va
1274 2189 1386 2233 Fen·
1401 2189 1504 2233 Mor
1542 2189 1548 2247 Ι
1586 2186 1851 2262 παρόντων]

166 2247 398 2304 παρόντος
428 2250 594 2294 τούτου
612 2250 738 2294 BVa
753 2249 865 2293 Ferr
880 2248 982 2292 Mor
1117 2253 1141 2291 7
1167 2246 1348 2305 λέγουσι
1371 2250 1586 2292 πλουτεῖν
1603 2248 1688 2292 Mo
1716 2251 1721 2305 1
1750 2248 1831 2292 οὔτ

169 2309 294 2353 ΡΠΙ
316 2310 320 2365 Ι
350 2307 594 2366 οἰχομένου
619 2309 746 2353 BVa
866 2312 892 2351 8
916 2305 1022 2351 τίνα
1054 2307 1113 2364 δὴ
1143 2307 1318 2409 votvm}
1340 2305 1410 2358 τίς
1434 2306 1491 2364 δὴ
1516 2306 1585 2363 (δὲ
1608 2307 1720 2351 Fen·
1734 2307 1852 2364 Mor)

166 2366 190 2411 ὁ
224 2370 417 2418 πλοῦτος
448 2363 583 2419 οὗτος
613 2368 740 2412 BVa
755 2367 866 2411 Fen·
881 2367 983 2410 Mor
1016 2366 1022 2423 Ι
1061 2366 1144 2423 μὲν
1177 2381 1253 2410 om
1321 2380 1394 2411 err
1409 2366 1511 2410 Mor
1630 2370 1655 2409 9
1687 2366 1853 2410 πλούσι

165 2440 270 2469 eum
299 2439 461 2470 rasura
493 2430 519 2469 6
549 2426 623 2471 vel
657 2431 680 2470 7
713 2426 976 2470 litterarum
1010 2426 1054 2470 U
1175 2430 1227 2468 11
1262 2426 1342 2470 καὶ
1373 2426 1428 2470 οὐ
1460 2422 1692 2482 μακαρίου
1715 2425 1852 2470 Pabm

160 2486 241 2529 sed
264 2485 314 2528 in
336 2499 469 2544 marg
500 2503 554 2544 γρ
580 2486 660 2530 καὶ
691 2483 924 2542 μακαρίου
1010 2486 1147 2530 omB
1270 2489 1324 2528 13
1350 2484 1429 2529 καὶ
1454 2484 1576 2536 ὅλοις
1598 2500 1648 2542 γε
1674 2485 1851 2540 σώμασι

162 2557 237 2587 om
261 2545 307 2588 B
335 2547 353 2646 l
381 2560 428 2589 τε
452 2545 533 2589 καὶ
556 2545 761 2603 γνώμαις
785 2544 950 2601 scripsi
1021 2545 1227 2601 γνώμαις
1248 2559 1296 2587 τε
1320 2543 1400 2588 καὶ
1423 2543 1534 2587 libri
1559 2545 1623 2600 (et
1637 2543 1736 2599 Re),
1768 2544 1850 2594 sed

158 2604 237 2647 καὶ
277 2603 334 2648 de
382 2604 448 2657 A,
496 2616 597 2647 eras
629 2606 664 2648 I
747 2618 823 2648 om
854 2603 981 2647 BVa
1003 2602 1116 2647 ΕΘΠ-
1138 2603 1240 2647 Mor
1385 2607 1439 2646 14
1469 2602 1584 2661 ἀπὸ]
1617 2602 1669 2647 ἐκ
1699 2602 1759 2646 1³
1797 2602 1847 2646 in

157 2675 232 2706 ras
269 2663 395 2706 BVa
417 2662 529 2707 Fon·
546 2663 650 2706 Mor
698 2664 703 2722 Ι
752 2662 947 2720 τούτων]
991 2662 1167 2706 τούτων
1199 2659 1445 2718 ὠφελείαις
1476 2663 1561 2707 Mo
1582 2661 1652 2706 Re
1733 2675 1846 2704 num

156 2723 336 2766 πολλῶν
354 2726 374 2764 ⁶?
424 2724 430 2778 Ι
478 2721 690 2781 τυράννῳ
731 2748 786 2754 -
821 2726 876 2766 16
924 2718 1199 2778 ἐπιτηδείων
1247 2721 1363 2765 citat
1409 2721 1581 2765 Macar.
1631 2719 1844 2776 Chrysoe.

157 2779 236 2824 fol.
255 2785 337 2824 93*
458 2785 512 2824 15
545 2779 822 2837 δορυφόρων
846 2806 904 2813 --
926 2795 972 2837 p.
1001 2784 1101 2835 388,
1119 2785 1142 2824 1
1177 2780 1358 2824 ἀδικεῖν
1389 2779 1440 2823 in
1469 2793 1546 2824 ras
1580 2783 1634 2823 15
1666 2779 1847 2823 littora·

156 2853 280 2942 ἵκῃ,
320 2839 494 2896 partim
532 2839 581 2883 in
612 2853 747 2897 marg
770 2839 843 2884 ΡΒ
979 2843 1033 2882 16
1065 2837 1230 2896 μικρόν
1261 2855 1305 2883 τι
1336 2840 1416 2883 καὶ
1447 2839 1647 2896 φαῦλον]
1692 2841 1844 2896 μεῖζον

211 2911 330 2942 acar.

1489 2971 1579 3015 25*
