<?xml version="1.0" encoding="UTF-8"?>
<!DOCTYPE html PUBLIC "-//W3C//DTD XHTML 1.0 Transitional//EN"
    "http://www.w3.org/TR/xhtml1/DTD/xhtml1-transitional.dtd">
<html xmlns="http://www.w3.org/1999/xhtml" xml:lang="en" lang="en">
 <head>
  <title>
</title>
<meta http-equiv="Content-Type" content="text/html;charset=utf-8" />
  <meta name='ocr-system' content='tesseract 3.04.00' />
  <meta name='ocr-capabilities' content='ocr_page ocr_carea ocr_par ocr_line ocrx_word'/>
</head>
<body>
  <div class='ocr_page' id='page_1' title='image "./pt2operarecensu01libauoft_0187.png"; bbox 0 0 2090 3162; ppageno 0'>
   <div class='ocr_carea' id='block_1_1' title="bbox 709 121 1832 175">
    <p class='ocr_par' dir='ltr' id='par_1_1' title="bbox 709 121 1832 175">
     <span class='ocr_line' id='line_1_1' title="bbox 709 121 1832 175; baseline -0.001 -10"><span class='ocrx_word' id='word_1_1' title='bbox 709 122 935 165; x_wconf 77' lang='lat' dir='ltr'><strong>LIBANH</strong></span> <span class='ocrx_word' id='word_1_2' title='bbox 967 121 1189 165; x_wconf 75' lang='lat' dir='ltr'>ORATIO</span> <span class='ocrx_word' id='word_1_3' title='bbox 1223 122 1284 165; x_wconf 72' lang='lat' dir='ltr'><em>x]</em></span> <span class='ocrx_word' id='word_1_4' title='bbox 1729 124 1832 175; x_wconf 74' lang='lat'><em>501</em></span> 
     </span>
    </p>
   </div>
   <div class='ocr_carea' id='block_1_2' title="bbox 154 257 1839 503">
    <p class='ocr_par' dir='ltr' id='par_1_2' title="bbox 154 257 1839 503">
     <span class='ocr_line' id='line_1_2' title="bbox 156 257 1839 325; baseline 0 -15"><span class='ocrx_word' id='word_1_5' title='bbox 156 259 356 320; x_wconf 85' lang='grc' dir='ltr'><em>εἰδότες</em></span> <span class='ocrx_word' id='word_1_6' title='bbox 395 259 651 320; x_wconf 59' lang='grc' dir='ltr'><em>,Μούσαις</em></span> <span class='ocrx_word' id='word_1_7' title='bbox 688 277 743 310; x_wconf 86' lang='grc' dir='ltr'><em>τε</em></span> <span class='ocrx_word' id='word_1_8' title='bbox 778 259 894 325; x_wconf 80' lang='grc' dir='ltr'><em>ἱερὰ</em></span> <span class='ocrx_word' id='word_1_9' title='bbox 924 260 1236 319; x_wconf 80' lang='grc' dir='ltr'><strong><em>πολυτελῶς</em></strong></span> <span class='ocrx_word' id='word_1_10' title='bbox 1275 257 1662 325; x_wconf 83' lang='grc' dir='ltr'><em>οἰκοδομεῖσθε</em></span> <span class='ocrx_word' id='word_1_11' title='bbox 1696 258 1839 320; x_wconf 84' lang='grc' dir='ltr'><em>νέοις</em></span> 
     </span>
     <span class='ocr_line' id='line_1_3' title="bbox 155 343 1839 415; baseline -0.001 -16"><span class='ocrx_word' id='word_1_12' title='bbox 155 347 254 412; x_wconf 82' lang='grc' dir='ltr'><em>μὲν</em></span> <span class='ocrx_word' id='word_1_13' title='bbox 293 345 676 415; x_wconf 76' lang='grc' dir='ltr'><em>ἐνδιατρίβειν,</em></span> <span class='ocrx_word' id='word_1_14' title='bbox 716 355 833 408; x_wconf 88' lang='grc' dir='ltr'><em>ταῖς</em></span> <span class='ocrx_word' id='word_1_15' title='bbox 865 343 922 398; x_wconf 76' lang='grc' dir='ltr'><em>δὲ</em></span> <span class='ocrx_word' id='word_1_16' title='bbox 956 351 1116 407; x_wconf 90' lang='grc' dir='ltr'><em>θεαῖς</em></span> <span class='ocrx_word' id='word_1_17' title='bbox 1147 345 1325 413; x_wconf 74' lang='grc' dir='ltr'><em>γέρας,</em></span> <span class='ocrx_word' id='word_1_18' title='bbox 1365 344 1454 397; x_wconf 83' lang='grc' dir='ltr'><em>καὶ</em></span> <span class='ocrx_word' id='word_1_19' title='bbox 1488 346 1839 408; x_wconf 78' lang='grc' dir='ltr'><em>διδασκάλοις</em></span> 
     </span>
     <span class='ocr_line' id='line_1_4' title="bbox 154 433 1839 503; baseline 0 -17"><span class='ocrx_word' id='word_1_20' title='bbox 154 438 402 496; x_wconf 82' lang='grc' dir='ltr'><em>πολίταις</em></span> <span class='ocrx_word' id='word_1_21' title='bbox 439 455 496 486; x_wconf 84' lang='grc' dir='ltr'><em>τε</em></span> <span class='ocrx_word' id='word_1_22' title='bbox 534 440 743 503; x_wconf 82' lang='grc' dir='ltr'><em>χρῆσθε</em></span> <span class='ocrx_word' id='word_1_23' title='bbox 781 435 871 487; x_wconf 81' lang='grc' dir='ltr'><em>καὶ</em></span> <span class='ocrx_word' id='word_1_24' title='bbox 911 434 976 487; x_wconf 88' lang='grc' dir='ltr'><em>οὐ</em></span> <span class='ocrx_word' id='word_1_25' title='bbox 1017 439 1281 502; x_wconf 83' lang='grc' dir='ltr'><em>φθονεῖτε</em></span> <span class='ocrx_word' id='word_1_26' title='bbox 1321 433 1509 497; x_wconf 82' lang='grc' dir='ltr'><em>ξένοις.</em></span> <span class='ocrx_word' id='word_1_27' title='bbox 1592 434 1709 487; x_wconf 84' lang='grc'><em>189.</em></span> <span class='ocrx_word' id='word_1_28' title='bbox 1750 437 1839 487; x_wconf 85' lang='grc' dir='ltr'><em>καὶ</em></span> 
     </span>
    </p>
   </div>
   <div class='ocr_carea' id='block_1_3' title="bbox 155 521 1926 593">
    <p class='ocr_par' dir='ltr' id='par_1_3' title="bbox 155 521 1926 593">
     <span class='ocr_line' id='line_1_5' title="bbox 155 521 1926 593; baseline 0.002 -18"><span class='ocrx_word' id='word_1_29' title='bbox 155 532 218 592; x_wconf 79' lang='grc' dir='ltr'><em>τῇ</em></span> <span class='ocrx_word' id='word_1_30' title='bbox 258 525 651 593; x_wconf 80' lang='grc' dir='ltr'><em>φιλανθρωπίᾳ</em></span> <span class='ocrx_word' id='word_1_31' title='bbox 690 524 748 575; x_wconf 88' lang='grc' dir='ltr'><em>τὸ</em></span> <span class='ocrx_word' id='word_1_32' title='bbox 785 524 790 590; x_wconf 88' lang='grc' dir='ltr'>Ι</span> <span class='ocrx_word' id='word_1_33' title='bbox 826 531 920 590; x_wconf 84' lang='grc' dir='ltr'><em>τῆς</em></span> <span class='ocrx_word' id='word_1_34' title='bbox 966 522 1244 591; x_wconf 80' lang='grc' dir='ltr'><em>ἀκριβείας</em></span> <span class='ocrx_word' id='word_1_35' title='bbox 1292 521 1379 574; x_wconf 86' lang='grc' dir='ltr'><em>ἐπὶ</em></span> <span class='ocrx_word' id='word_1_36' title='bbox 1419 531 1529 574; x_wconf 87' lang='grc' dir='ltr'><em>τῶν</em></span> <span class='ocrx_word' id='word_1_37' title='bbox 1568 525 1750 591; x_wconf 76' lang='grc' dir='ltr'><em>λόγων</em></span> <span class='ocrx_word' id='word_1_38' title='bbox 1781 535 1926 578; x_wconf 75' lang='lat' dir='ltr'>R335</span> 
     </span>
    </p>
   </div>
   <div class='ocr_carea' id='block_1_4' title="bbox 155 611 1843 1479">
    <p class='ocr_par' dir='ltr' id='par_1_4' title="bbox 155 611 1843 1479">
     <span class='ocr_line' id='line_1_6' title="bbox 157 611 1839 681; baseline 0 -17"><span class='ocrx_word' id='word_1_39' title='bbox 157 611 532 679; x_wconf 78' lang='grc' dir='ltr'><em>ἀναμέμικται·</em></span> <span class='ocrx_word' id='word_1_40' title='bbox 571 613 631 664; x_wconf 92' lang='grc' dir='ltr'><em>τὸ</em></span> <span class='ocrx_word' id='word_1_41' title='bbox 670 613 771 678; x_wconf 83' lang='grc' dir='ltr'><em>μὲν</em></span> <span class='ocrx_word' id='word_1_42' title='bbox 810 613 912 680; x_wconf 80' lang='grc' dir='ltr'><em>γὰρ</em></span> <span class='ocrx_word' id='word_1_43' title='bbox 954 613 1156 664; x_wconf 80' lang='grc' dir='ltr'><em>ἅπασιν</em></span> <span class='ocrx_word' id='word_1_44' title='bbox 1188 611 1444 663; x_wconf 86' lang='grc' dir='ltr'><em>ἀνεῖσθαι</em></span> <span class='ocrx_word' id='word_1_45' title='bbox 1477 613 1542 664; x_wconf 78' lang='grc' dir='ltr'><em>τὰ</em></span> <span class='ocrx_word' id='word_1_46' title='bbox 1576 611 1839 681; x_wconf 88' lang='grc' dir='ltr'><em>συνέδρια</em></span> 
     </span>
     <span class='ocr_line' id='line_1_7' title="bbox 156 696 1841 770; baseline 0.001 -18"><span class='ocrx_word' id='word_1_47' title='bbox 156 702 255 768; x_wconf 85' lang='grc' dir='ltr'><em>τὴν</em></span> <span class='ocrx_word' id='word_1_48' title='bbox 310 703 764 770; x_wconf 73' lang='grc' dir='ltr'><em>φιλανθρωπίαν,</em></span> <span class='ocrx_word' id='word_1_49' title='bbox 826 701 885 752; x_wconf 91' lang='grc' dir='ltr'><em>τὸ</em></span> <span class='ocrx_word' id='word_1_50' title='bbox 942 701 1002 752; x_wconf 84' lang='grc' dir='ltr'><em>δὲ</em></span> <span class='ocrx_word' id='word_1_51' title='bbox 1055 702 1186 762; x_wconf 90' lang='grc' dir='ltr'><em>τοὺς</em></span> <span class='ocrx_word' id='word_1_52' title='bbox 1239 699 1498 761; x_wconf 78' lang='grc' dir='ltr'><em>ἐπαίνους</em></span> <span class='ocrx_word' id='word_1_53' title='bbox 1553 696 1631 753; x_wconf 80' lang='grc' dir='ltr'><em>ὧν</em></span> <span class='ocrx_word' id='word_1_54' title='bbox 1686 700 1841 764; x_wconf 79' lang='grc' dir='ltr'><em>ἄξιον</em></span> 
     </span>
     <span class='ocr_line' id='line_1_8' title="bbox 155 787 1841 857; baseline 0 -16"><span class='ocrx_word' id='word_1_55' title='bbox 155 791 342 857; x_wconf 87' lang='grc' dir='ltr'><em>μόνων</em></span> <span class='ocrx_word' id='word_1_56' title='bbox 372 791 471 857; x_wconf 81' lang='grc' dir='ltr'><em>τὴν</em></span> <span class='ocrx_word' id='word_1_57' title='bbox 504 788 786 857; x_wconf 78' lang='grc' dir='ltr'><em>ἀκρίβειαν</em></span> <span class='ocrx_word' id='word_1_58' title='bbox 818 788 1174 842; x_wconf 79' lang='grc' dir='ltr'><em>ἐνδείκνυται.</em></span> <span class='ocrx_word' id='word_1_59' title='bbox 1242 788 1358 840; x_wconf 85' lang='grc'><em>190.</em></span> <span class='ocrx_word' id='word_1_60' title='bbox 1398 787 1488 840; x_wconf 85' lang='grc' dir='ltr'><em>καὶ</em></span> <span class='ocrx_word' id='word_1_61' title='bbox 1522 789 1841 841; x_wconf 87' lang='grc' dir='ltr'><em>καλούντων</em></span> 
     </span>
     <span class='ocr_line' id='line_1_9' title="bbox 156 875 1840 946; baseline -0.001 -16"><span class='ocrx_word' id='word_1_62' title='bbox 156 878 256 946; x_wconf 79' lang='grc' dir='ltr'><em>μὲν</em></span> <span class='ocrx_word' id='word_1_63' title='bbox 295 879 498 945; x_wconf 88' lang='grc' dir='ltr'><em>σύνιτε,</em></span> <span class='ocrx_word' id='word_1_64' title='bbox 537 881 913 946; x_wconf 82' lang='grc' dir='ltr'><em>πλημμελοῦσι</em></span> <span class='ocrx_word' id='word_1_65' title='bbox 954 875 1014 930; x_wconf 77' lang='grc' dir='ltr'><em>δὲ</em></span> <span class='ocrx_word' id='word_1_66' title='bbox 1046 878 1111 930; x_wconf 87' lang='grc' dir='ltr'><em>οὐ</em></span> <span class='ocrx_word' id='word_1_67' title='bbox 1146 877 1534 946; x_wconf 81' lang='grc' dir='ltr'><em>συγκρύπτετε,</em></span> <span class='ocrx_word' id='word_1_68' title='bbox 1575 877 1711 929; x_wconf 78' lang='grc' dir='ltr'><em>ἀλλὰ</em></span> <span class='ocrx_word' id='word_1_69' title='bbox 1750 876 1840 930; x_wconf 86' lang='grc' dir='ltr'><em>καὶ</em></span> 
     </span>
     <span class='ocr_line' id='line_1_10' title="bbox 157 964 1842 1035; baseline -0.001 -17"><span class='ocrx_word' id='word_1_70' title='bbox 157 969 333 1034; x_wconf 89' lang='grc' dir='ltr'><em>νόημα</em></span> <span class='ocrx_word' id='word_1_71' title='bbox 371 974 579 1019; x_wconf 90' lang='grc' dir='ltr'><em>νοσοῦν</em></span> <span class='ocrx_word' id='word_1_72' title='bbox 624 967 714 1018; x_wconf 87' lang='grc' dir='ltr'><em>καὶ</em></span> <span class='ocrx_word' id='word_1_73' title='bbox 766 974 942 1035; x_wconf 81' lang='grc' dir='ltr'><em>σχῆμα</em></span> <span class='ocrx_word' id='word_1_74' title='bbox 988 965 1368 1035; x_wconf 83' lang='grc' dir='ltr'><em>ἡμαρτημένον</em></span> <span class='ocrx_word' id='word_1_75' title='bbox 1406 964 1496 1018; x_wconf 85' lang='grc' dir='ltr'><em>καὶ</em></span> <span class='ocrx_word' id='word_1_76' title='bbox 1544 965 1687 1034; x_wconf 80' lang='grc' dir='ltr'><em>ῥῆμα</em></span> <span class='ocrx_word' id='word_1_77' title='bbox 1734 967 1842 1018; x_wconf 88' lang='grc' dir='ltr'><em>διε-</em></span> 
     </span>
     <span class='ocr_line' id='line_1_11' title="bbox 157 1052 1841 1123; baseline -0.001 -15"><span class='ocrx_word' id='word_1_78' title='bbox 157 1054 486 1123; x_wconf 83' lang='grc' dir='ltr'><em>φθαρμένον</em></span> <span class='ocrx_word' id='word_1_79' title='bbox 524 1055 698 1117; x_wconf 83' lang='grc' dir='ltr'><em>εὐθὺς</em></span> <span class='ocrx_word' id='word_1_80' title='bbox 736 1056 864 1123; x_wconf 74' lang='grc' dir='ltr'><em>ἥλω.</em></span> <span class='ocrx_word' id='word_1_81' title='bbox 938 1056 1124 1116; x_wconf 88' lang='grc' dir='ltr'><em>κοινὸς</em></span> <span class='ocrx_word' id='word_1_82' title='bbox 1163 1052 1224 1107; x_wconf 74' lang='grc' dir='ltr'><em>δὲ</em></span> <span class='ocrx_word' id='word_1_83' title='bbox 1262 1062 1356 1122; x_wconf 77' lang='grc' dir='ltr'><em>τῆς</em></span> <span class='ocrx_word' id='word_1_84' title='bbox 1393 1056 1584 1116; x_wconf 87' lang='grc' dir='ltr'><em>κακίας</em></span> <span class='ocrx_word' id='word_1_85' title='bbox 1623 1057 1841 1123; x_wconf 79' lang='grc' dir='ltr'><em>ἔλεγχος</em></span> 
     </span>
     <span class='ocr_line' id='line_1_12' title="bbox 158 1141 1840 1214; baseline -0.001 -18"><span class='ocrx_word' id='word_1_86' title='bbox 158 1144 210 1207; x_wconf 80' lang='grc' dir='ltr'><em>ἐξ</em></span> <span class='ocrx_word' id='word_1_87' title='bbox 248 1144 485 1206; x_wconf 75' lang='grc' dir='ltr'><em>ἅπαντος</em></span> <span class='ocrx_word' id='word_1_88' title='bbox 516 1146 685 1196; x_wconf 88' lang='grc' dir='ltr'><em>τόπου</em></span> <span class='ocrx_word' id='word_1_89' title='bbox 719 1153 968 1211; x_wconf 89' lang='grc' dir='ltr'><em>κινεῖται,</em></span> <span class='ocrx_word' id='word_1_90' title='bbox 999 1145 1087 1196; x_wconf 81' lang='grc' dir='ltr'><em>καὶ</em></span> <span class='ocrx_word' id='word_1_91' title='bbox 1121 1143 1223 1196; x_wconf 88' lang='grc' dir='ltr'><em>οὐκ</em></span> <span class='ocrx_word' id='word_1_92' title='bbox 1254 1141 1370 1196; x_wconf 79' lang='grc' dir='ltr'><em>ἔστι</em></span> <span class='ocrx_word' id='word_1_93' title='bbox 1402 1142 1720 1214; x_wconf 80' lang='grc' dir='ltr'><em>βαλλομένω</em></span> <span class='ocrx_word' id='word_1_94' title='bbox 1753 1143 1840 1194; x_wconf 79' lang='grc' dir='ltr'><em>καὶ</em></span> 
     </span>
     <span class='ocr_line' id='line_1_13' title="bbox 156 1231 1842 1304; baseline -0.001 -19"><span class='ocrx_word' id='word_1_95' title='bbox 156 1231 492 1304; x_wconf 77' lang='grc' dir='ltr'><em>τοξευομένῳ</em></span> <span class='ocrx_word' id='word_1_96' title='bbox 555 1232 819 1300; x_wconf 83' lang='grc' dir='ltr'><em>βλέψαντι</em></span> <span class='ocrx_word' id='word_1_97' title='bbox 879 1234 1019 1302; x_wconf 91' lang='grc' dir='ltr'><em>πρός</em></span> <span class='ocrx_word' id='word_1_98' title='bbox 1071 1253 1122 1285; x_wconf 94' lang='grc' dir='ltr'><em>τι</em></span> <span class='ocrx_word' id='word_1_99' title='bbox 1174 1239 1274 1284; x_wconf 89' lang='grc' dir='ltr'><em>τοῦ</em></span> <span class='ocrx_word' id='word_1_100' title='bbox 1336 1233 1577 1301; x_wconf 80' lang='grc' dir='ltr'><em>θεάτρου</em></span> <span class='ocrx_word' id='word_1_101' title='bbox 1639 1235 1842 1300; x_wconf 89' lang='grc' dir='ltr'><em>χωρίον</em></span> 
     </span>
     <span class='ocr_line' id='line_1_14' title="bbox 158 1320 1843 1391; baseline -0.001 -18"><span class='ocrx_word' id='word_1_102' title='bbox 158 1321 442 1388; x_wconf 82' lang='grc' dir='ltr'><em>ἀκροατῶν</em></span> <span class='ocrx_word' id='word_1_103' title='bbox 489 1321 702 1391; x_wconf 80' lang='grc' dir='ltr'><em>ἀμαθίᾳ</em></span> <span class='ocrx_word' id='word_1_104' title='bbox 750 1322 848 1374; x_wconf 89' lang='grc' dir='ltr'><em>τὸν</em></span> <span class='ocrx_word' id='word_1_105' title='bbox 893 1329 987 1389; x_wconf 83' lang='grc' dir='ltr'><em>τῆς</em></span> <span class='ocrx_word' id='word_1_106' title='bbox 1038 1322 1257 1389; x_wconf 73' lang='grc' dir='ltr'><em>γνώμης</em></span> <span class='ocrx_word' id='word_1_107' title='bbox 1308 1320 1618 1373; x_wconf 86' lang='grc' dir='ltr'><em>ἀναπαῦσαι</em></span> <span class='ocrx_word' id='word_1_108' title='bbox 1671 1322 1843 1389; x_wconf 86' lang='grc' dir='ltr'><em>θόρυ-</em></span> 
     </span>
     <span class='ocr_line' id='line_1_15' title="bbox 158 1408 1842 1479; baseline -0.001 -17"><span class='ocrx_word' id='word_1_109' title='bbox 158 1413 279 1477; x_wconf 86' lang='grc' dir='ltr'><em>βον,</em></span> <span class='ocrx_word' id='word_1_110' title='bbox 326 1408 443 1462; x_wconf 86' lang='grc' dir='ltr'><em>ἀλλ’</em></span> <span class='ocrx_word' id='word_1_111' title='bbox 490 1410 718 1478; x_wconf 81' lang='grc' dir='ltr'><em>ὅποιπερ</em></span> <span class='ocrx_word' id='word_1_112' title='bbox 760 1409 829 1462; x_wconf 77' lang='grc' dir='ltr'><em>ἂν</em></span> <span class='ocrx_word' id='word_1_113' title='bbox 868 1411 1014 1479; x_wconf 78' lang='grc' dir='ltr'><em>ἴδῃς,</em></span> <span class='ocrx_word' id='word_1_114' title='bbox 1062 1409 1289 1478; x_wconf 83' lang='grc' dir='ltr'><em>ἀκριβὴς</em></span> <span class='ocrx_word' id='word_1_115' title='bbox 1328 1410 1569 1471; x_wconf 81' lang='grc' dir='ltr'><em>εὔθυνος</em></span> <span class='ocrx_word' id='word_1_116' title='bbox 1608 1410 1842 1478; x_wconf 80' lang='grc' dir='ltr'><em>ἵδρυται.</em></span> 
     </span>
    </p>
   </div>
   <div class='ocr_carea' id='block_1_5' title="bbox 160 1538 353 1542">
    <p class='ocr_par' dir='ltr' id='par_1_5' title="bbox 160 1538 353 1542">
     <span class='ocr_line' id='line_1_16' title="bbox 160 1538 353 1542; baseline 0 0"><span class='ocrx_word' id='word_1_117' title='bbox 160 1538 353 1542; x_wconf 95' lang='lat' dir='ltr'><em> </em></span> 
     </span>
    </p>
   </div>
   <div class='ocr_carea' id='block_1_6' title="bbox 357 1538 513 1542">
    <p class='ocr_par' dir='ltr' id='par_1_6' title="bbox 357 1538 513 1542">
     <span class='ocr_line' id='line_1_17' title="bbox 357 1538 513 1542; baseline 0 0"><span class='ocrx_word' id='word_1_118' title='bbox 357 1538 513 1542; x_wconf 95' lang='lat' dir='ltr'><em> </em></span> 
     </span>
    </p>
   </div>
   <div class='ocr_carea' id='block_1_7' title="bbox 156 1611 1842 1964">
    <p class='ocr_par' dir='ltr' id='par_1_7' title="bbox 156 1611 1842 1964">
     <span class='ocr_line' id='line_1_18' title="bbox 281 1611 1842 1671; baseline -0.001 -15"><span class='ocrx_word' id='word_1_119' title='bbox 281 1619 335 1656; x_wconf 84' lang='grc'><em>14</em></span> <span class='ocrx_word' id='word_1_120' title='bbox 369 1614 612 1657; x_wconf 80' lang='grc' dir='ltr'><em>Εὐθύνω</em></span> <span class='ocrx_word' id='word_1_121' title='bbox 652 1611 775 1670; x_wconf 86' lang='grc' dir='ltr'><em>ρῆμα</em></span> <span class='ocrx_word' id='word_1_122' title='bbox 805 1614 858 1658; x_wconf 90' lang='grc' dir='ltr'><em>τὸ</em></span> <span class='ocrx_word' id='word_1_123' title='bbox 891 1614 957 1665; x_wconf 81' lang='grc' dir='ltr'><em>εἰς</em></span> <span class='ocrx_word' id='word_1_124' title='bbox 994 1612 1200 1667; x_wconf 77' lang='grc' dir='ltr'><em>ἐξέτασιν</em></span> <span class='ocrx_word' id='word_1_125' title='bbox 1232 1613 1328 1671; x_wconf 78' lang='grc' dir='ltr'><em>άγω</em></span> <span class='ocrx_word' id='word_1_126' title='bbox 1362 1614 1442 1656; x_wconf 82' lang='grc' dir='ltr'><em>καὶ</em></span> <span class='ocrx_word' id='word_1_127' title='bbox 1471 1613 1523 1657; x_wconf 93' lang='grc' dir='ltr'><em>τὸ</em></span> <span class='ocrx_word' id='word_1_128' title='bbox 1555 1612 1728 1665; x_wconf 80' lang='grc' dir='ltr'><em>κολάζω</em></span> <span class='ocrx_word' id='word_1_129' title='bbox 1760 1613 1842 1655; x_wconf 88' lang='grc' dir='ltr'><em>καὶ</em></span> 
     </span>
     <span class='ocr_line' id='line_1_19' title="bbox 156 1671 1841 1730; baseline -0.001 -14"><span class='ocrx_word' id='word_1_130' title='bbox 156 1674 208 1717; x_wconf 91' lang='grc' dir='ltr'><em>τὸ</em></span> <span class='ocrx_word' id='word_1_131' title='bbox 255 1671 357 1716; x_wconf 83' lang='grc' dir='ltr'><em>κατ’</em></span> <span class='ocrx_word' id='word_1_132' title='bbox 394 1674 590 1718; x_wconf 80' lang='grc' dir='ltr'><em>εὐθεῖαν</em></span> <span class='ocrx_word' id='word_1_133' title='bbox 630 1673 747 1730; x_wconf 77' lang='grc' dir='ltr'><em>ἄγω·</em></span> <span class='ocrx_word' id='word_1_134' title='bbox 797 1671 912 1717; x_wconf 92' lang='grc' dir='ltr'><em>οθεν</em></span> <span class='ocrx_word' id='word_1_135' title='bbox 951 1674 1033 1717; x_wconf 84' lang='grc' dir='ltr'><em>καὶ</em></span> <span class='ocrx_word' id='word_1_136' title='bbox 1078 1673 1300 1726; x_wconf 77' lang='grc' dir='ltr'><em>εὔθυνος,</em></span> <span class='ocrx_word' id='word_1_137' title='bbox 1349 1673 1410 1724; x_wconf 82' lang='grc' dir='ltr'><em>ὡς</em></span> <span class='ocrx_word' id='word_1_138' title='bbox 1456 1673 1667 1717; x_wconf 78' lang='grc' dir='ltr'><em>ἐνταῦθα</em></span> <span class='ocrx_word' id='word_1_139' title='bbox 1711 1671 1841 1726; x_wconf 80' lang='grc' dir='ltr'><em>παρὰ</em></span> 
     </span>
     <span class='ocr_line' id='line_1_20' title="bbox 156 1730 1839 1805; baseline 0 -31"><span class='ocrx_word' id='word_1_140' title='bbox 156 1730 382 1805; x_wconf 82' lang='grc' dir='ltr'><em>Λιβανίῳ,</em></span> <span class='ocrx_word' id='word_1_141' title='bbox 427 1731 456 1788; x_wconf 84' lang='grc' dir='ltr'><em>ἡ</em></span> <span class='ocrx_word' id='word_1_142' title='bbox 495 1739 577 1776; x_wconf 88' lang='grc' dir='ltr'><em>τοῦ</em></span> <span class='ocrx_word' id='word_1_143' title='bbox 625 1730 812 1776; x_wconf 84' lang='grc' dir='ltr'><em>δικαίου</em></span> <span class='ocrx_word' id='word_1_144' title='bbox 858 1731 1004 1776; x_wconf 77' lang='grc' dir='ltr'><em>οἱονεὶ</em></span> <span class='ocrx_word' id='word_1_145' title='bbox 1051 1730 1251 1788; x_wconf 87' lang='grc' dir='ltr'><em>ὀρθότης</em></span> <span class='ocrx_word' id='word_1_146' title='bbox 1298 1732 1377 1775; x_wconf 88' lang='grc' dir='ltr'><em>καὶ</em></span> <span class='ocrx_word' id='word_1_147' title='bbox 1424 1731 1628 1788; x_wconf 85' lang='grc' dir='ltr'><em>στάθμη</em></span> <span class='ocrx_word' id='word_1_148' title='bbox 1678 1731 1743 1775; x_wconf 74' lang='grc' dir='ltr'><em>ἔτι</em></span> <span class='ocrx_word' id='word_1_149' title='bbox 1789 1730 1839 1774; x_wconf 79' lang='grc' dir='ltr'><em>δὲ</em></span> 
     </span>
     <span class='ocr_line' id='line_1_21' title="bbox 157 1778 1842 1848; baseline -0.002 -13"><span class='ocrx_word' id='word_1_150' title='bbox 157 1778 348 1835; x_wconf 75' lang='grc' dir='ltr'><em>εὐθύνω</em></span> <span class='ocrx_word' id='word_1_151' title='bbox 369 1791 451 1835; x_wconf 83' lang='grc' dir='ltr'><em>καὶ</em></span> <span class='ocrx_word' id='word_1_152' title='bbox 471 1791 524 1835; x_wconf 86' lang='grc' dir='ltr'><em>τὸ</em></span> <span class='ocrx_word' id='word_1_153' title='bbox 557 1791 696 1842; x_wconf 77' lang='grc' dir='ltr'><em>εὐθὲς</em></span> <span class='ocrx_word' id='word_1_154' title='bbox 718 1798 851 1846; x_wconf 85' lang='grc' dir='ltr'><em>ποιῶ,</em></span> <span class='ocrx_word' id='word_1_155' title='bbox 885 1789 909 1836; x_wconf 85' lang='grc' dir='ltr'><strong><em>ὃ</em></strong></span> <span class='ocrx_word' id='word_1_156' title='bbox 942 1791 1022 1835; x_wconf 84' lang='grc' dir='ltr'><em>καὶ</em></span> <span class='ocrx_word' id='word_1_157' title='bbox 1052 1791 1310 1835; x_wconf 83' lang='grc' dir='ltr'><em>ἀπευθύνω</em></span> <span class='ocrx_word' id='word_1_158' title='bbox 1342 1789 1531 1848; x_wconf 79' lang='grc' dir='ltr'><em>λέγεται.</em></span> <span class='ocrx_word' id='word_1_159' title='bbox 1581 1790 1842 1845; x_wconf 77' lang='grc' dir='ltr'><em>εὐθύνομαι</em></span> 
     </span>
     <span class='ocr_line' id='line_1_22' title="bbox 158 1847 1841 1952; baseline -0.001 -58"><span class='ocrx_word' id='word_1_160' title='bbox 158 1849 211 1952; x_wconf 53' lang='lat' dir='ltr'><em>dg</em></span> <span class='ocrx_word' id='word_1_161' title='bbox 248 1850 300 1894; x_wconf 88' lang='grc' dir='ltr'><em>τὸ</em></span> <span class='ocrx_word' id='word_1_162' title='bbox 341 1850 407 1900; x_wconf 85' lang='grc' dir='ltr'><em>εἰς</em></span> <span class='ocrx_word' id='word_1_163' title='bbox 444 1849 650 1902; x_wconf 77' lang='grc' dir='ltr'><em>ἐξέτασιν</em></span> <span class='ocrx_word' id='word_1_164' title='bbox 690 1850 861 1907; x_wconf 74' lang='grc' dir='ltr'><em>ἄγομαι</em></span> <span class='ocrx_word' id='word_1_165' title='bbox 899 1847 928 1905; x_wconf 80' lang='grc' dir='ltr'><strong>ἢ</strong></span> <span class='ocrx_word' id='word_1_166' title='bbox 967 1850 1214 1907; x_wconf 82' lang='grc' dir='ltr'><em>κολάζομαι</em></span> <span class='ocrx_word' id='word_1_167' title='bbox 1245 1849 1315 1895; x_wconf 79' lang='lat' dir='ltr'><em>B²</em></span> <span class='ocrx_word' id='word_1_168' title='bbox 1347 1851 1421 1907; x_wconf 86' lang='lat' dir='ltr'>(cf.</span> <span class='ocrx_word' id='word_1_169' title='bbox 1447 1850 1606 1893; x_wconf 90' lang='lat' dir='ltr'>Thom.</span> <span class='ocrx_word' id='word_1_170' title='bbox 1639 1849 1701 1892; x_wconf 88' lang='lat' dir='ltr'><em>M.</em></span> <span class='ocrx_word' id='word_1_171' title='bbox 1734 1863 1768 1892; x_wconf 81' lang='lat' dir='ltr'><em>s.</em></span> <span class='ocrx_word' id='word_1_172' title='bbox 1802 1863 1841 1891; x_wconf 80' lang='lat' dir='ltr'><em>v,</em></span> 
     </span>
     <span class='ocr_line' id='line_1_23' title="bbox 160 1909 376 1964; baseline -0.005 -11"><span class='ocrx_word' id='word_1_173' title='bbox 160 1925 179 1953; x_wconf 89' lang='grc' dir='ltr'><em>ε</em></span> <span class='ocrx_word' id='word_1_174' title='bbox 199 1909 376 1964; x_wconf 88' lang='grc' dir='ltr'><em>’θυνος)</em></span> 
     </span>
    </p>
   </div>
   <div class='ocr_carea' id='block_1_8' title="bbox 162 2023 515 2029">
    <p class='ocr_par' dir='ltr' id='par_1_8' title="bbox 162 2023 515 2029">
     <span class='ocr_line' id='line_1_24' title="bbox 162 2023 515 2029; baseline 0 0"><span class='ocrx_word' id='word_1_175' title='bbox 162 2023 515 2029; x_wconf 95' lang='lat' dir='ltr'><em> </em></span> 
     </span>
    </p>
   </div>
   <div class='ocr_carea' id='block_1_9' title="bbox 159 2099 1846 2986">
    <p class='ocr_par' dir='ltr' id='par_1_9' title="bbox 159 2099 1846 2986">
     <span class='ocr_line' id='line_1_25' title="bbox 280 2099 1784 2159; baseline -0.001 -15"><span class='ocrx_word' id='word_1_176' title='bbox 280 2106 304 2144; x_wconf 82' lang='lat'><strong>2</strong></span> <span class='ocrx_word' id='word_1_177' title='bbox 338 2100 390 2145; x_wconf 82' lang='grc' dir='ltr'><em>δὲ</em></span> <span class='ocrx_word' id='word_1_178' title='bbox 421 2101 545 2144; x_wconf 84' lang='lat' dir='ltr'>inser</span> <span class='ocrx_word' id='word_1_179' title='bbox 567 2100 626 2144; x_wconf 83' lang='lat'><em>12</em></span> <span class='ocrx_word' id='word_1_180' title='bbox 652 2102 658 2159; x_wconf 94' lang='grc' dir='ltr'>Ι</span> <span class='ocrx_word' id='word_1_181' title='bbox 693 2103 831 2151; x_wconf 85' lang='grc' dir='ltr'><em>θεαῖς</em></span> <span class='ocrx_word' id='word_1_182' title='bbox 862 2101 913 2146; x_wconf 80' lang='grc' dir='ltr'><em>δὲ</em></span> <span class='ocrx_word' id='word_1_183' title='bbox 938 2101 1202 2146; x_wconf 81' lang='lat' dir='ltr'><em>MBMoGa</em></span> <span class='ocrx_word' id='word_1_184' title='bbox 1278 2118 1301 2152; x_wconf 82' lang='grc' dir='ltr'><em>ς</em></span> <span class='ocrx_word' id='word_1_185' title='bbox 1331 2101 1380 2144; x_wconf 92' lang='lat' dir='ltr'><em>in</em></span> <span class='ocrx_word' id='word_1_186' title='bbox 1410 2104 1549 2150; x_wconf 83' lang='grc' dir='ltr'><em>θεαῖς</em></span> <span class='ocrx_word' id='word_1_187' title='bbox 1579 2100 1704 2143; x_wconf 84' lang='lat' dir='ltr'>inser</span> <span class='ocrx_word' id='word_1_188' title='bbox 1725 2099 1784 2143; x_wconf 79' lang='lat'><em>12</em></span> 
     </span>
     <span class='ocr_line' id='line_1_26' title="bbox 162 2156 1844 2218; baseline 0 -16"><span class='ocrx_word' id='word_1_189' title='bbox 162 2164 187 2202; x_wconf 90' lang='lat'><strong>3</strong></span> <span class='ocrx_word' id='word_1_190' title='bbox 213 2158 402 2210; x_wconf 82' lang='grc' dir='ltr'><em>πολίτας</em></span> <span class='ocrx_word' id='word_1_191' title='bbox 431 2176 479 2203; x_wconf 80' lang='grc' dir='ltr'><em>τε</em></span> <span class='ocrx_word' id='word_1_192' title='bbox 513 2161 615 2204; x_wconf 84' lang='grc' dir='ltr'><em>ἐᾶτε</em></span> <span class='ocrx_word' id='word_1_193' title='bbox 646 2163 850 2218; x_wconf 83' lang='grc' dir='ltr'><em>χρῆσθαι</em></span> <span class='ocrx_word' id='word_1_194' title='bbox 873 2160 1111 2213; x_wconf 77' lang='lat' dir='ltr'><strong>ReAnim,</strong></span> <span class='ocrx_word' id='word_1_195' title='bbox 1143 2162 1308 2216; x_wconf 73' lang='lat' dir='ltr'>postea.</span> <span class='ocrx_word' id='word_1_196' title='bbox 1333 2161 1438 2203; x_wconf 84' lang='lat' dir='ltr'>coni</span> <span class='ocrx_word' id='word_1_197' title='bbox 1468 2157 1678 2210; x_wconf 79' lang='grc' dir='ltr'><em>πολίταις</em></span> <span class='ocrx_word' id='word_1_198' title='bbox 1709 2156 1844 2203; x_wconf 73' lang='grc' dir='ltr'><em>αὐτοὶ</em></span> 
     </span>
     <span class='ocr_line' id='line_1_27' title="bbox 159 2218 1843 2276; baseline 0 -14"><span class='ocrx_word' id='word_1_199' title='bbox 159 2235 206 2262; x_wconf 84' lang='grc' dir='ltr'><em>τε</em></span> <span class='ocrx_word' id='word_1_200' title='bbox 238 2221 413 2276; x_wconf 85' lang='grc' dir='ltr'><em>χρῆσθε</em></span> <span class='ocrx_word' id='word_1_201' title='bbox 445 2219 526 2262; x_wconf 83' lang='grc' dir='ltr'><em>καὶ</em></span> <span class='ocrx_word' id='word_1_202' title='bbox 557 2226 654 2270; x_wconf 87' lang='grc' dir='ltr'><em>τοῖς</em></span> <span class='ocrx_word' id='word_1_203' title='bbox 692 2218 842 2272; x_wconf 82' lang='grc' dir='ltr'><em>ξένοις</em></span> <span class='ocrx_word' id='word_1_204' title='bbox 873 2219 927 2263; x_wconf 80' lang='grc' dir='ltr'><em>οὗ</em></span> <span class='ocrx_word' id='word_1_205' title='bbox 961 2222 1184 2275; x_wconf 85' lang='grc' dir='ltr'><em>φθονεῖτε</em></span> <span class='ocrx_word' id='word_1_206' title='bbox 1256 2222 1477 2263; x_wconf 55' lang='lat' dir='ltr'><em>nonme?</em></span> <span class='ocrx_word' id='word_1_207' title='bbox 1510 2218 1713 2262; x_wconf 75' lang='lat' dir='ltr'><strong>Sintenis</strong></span> <span class='ocrx_word' id='word_1_208' title='bbox 1752 2219 1758 2271; x_wconf 90' lang='grc' dir='ltr'>Ι</span> <span class='ocrx_word' id='word_1_209' title='bbox 1796 2234 1843 2262; x_wconf 84' lang='grc' dir='ltr'><em>τε</em></span> 
     </span>
     <span class='ocr_line' id='line_1_28' title="bbox 161 2277 1785 2336; baseline 0.001 -16"><span class='ocrx_word' id='word_1_210' title='bbox 161 2291 236 2321; x_wconf 91' lang='lat' dir='ltr'><em>om</em></span> <span class='ocrx_word' id='word_1_211' title='bbox 268 2278 353 2322; x_wconf 89' lang='lat' dir='ltr'><em>Mo</em></span> <span class='ocrx_word' id='word_1_212' title='bbox 402 2280 408 2335; x_wconf 93' lang='grc' dir='ltr'>Ι</span> <span class='ocrx_word' id='word_1_213' title='bbox 455 2281 661 2335; x_wconf 82' lang='grc' dir='ltr'><em>χρῆσθαι</em></span> <span class='ocrx_word' id='word_1_214' title='bbox 694 2279 756 2322; x_wconf 89' lang='grc' dir='ltr'><strong>Μ</strong></span> <span class='ocrx_word' id='word_1_215' title='bbox 801 2279 807 2336; x_wconf 96' lang='grc' dir='ltr'>Ι</span> <span class='ocrx_word' id='word_1_216' title='bbox 857 2294 877 2322; x_wconf 83' lang='grc' dir='ltr'><em>ε</em></span> <span class='ocrx_word' id='word_1_217' title='bbox 920 2277 1138 2322; x_wconf 77' lang='lat' dir='ltr'><strong>ultimum</strong></span> <span class='ocrx_word' id='word_1_218' title='bbox 1179 2279 1229 2322; x_wconf 89' lang='lat' dir='ltr'><em>in</em></span> <span class='ocrx_word' id='word_1_219' title='bbox 1272 2281 1495 2334; x_wconf 81' lang='grc' dir='ltr'><em>φθονεῖτε</em></span> <span class='ocrx_word' id='word_1_220' title='bbox 1533 2278 1583 2321; x_wconf 84' lang='lat' dir='ltr'><em>in</em></span> <span class='ocrx_word' id='word_1_221' title='bbox 1620 2291 1696 2321; x_wconf 83' lang='lat' dir='ltr'><em>ras</em></span> <span class='ocrx_word' id='word_1_222' title='bbox 1728 2277 1785 2321; x_wconf 80' lang='lat'><em>12</em></span> 
     </span>
     <span class='ocr_line' id='line_1_29' title="bbox 160 2335 1843 2395; baseline -0.001 -15"><span class='ocrx_word' id='word_1_223' title='bbox 160 2342 188 2380; x_wconf 83' lang='lat'>4</span> <span class='ocrx_word' id='word_1_224' title='bbox 219 2335 526 2393; x_wconf 81' lang='grc' dir='ltr'><em>ἀναμέμικται</em></span> <span class='ocrx_word' id='word_1_225' title='bbox 558 2338 634 2382; x_wconf 80' lang='grc' dir='ltr'><em>ἐπὶ</em></span> <span class='ocrx_word' id='word_1_226' title='bbox 663 2345 756 2380; x_wconf 90' lang='grc' dir='ltr'><em>τῶν</em></span> <span class='ocrx_word' id='word_1_227' title='bbox 787 2335 934 2394; x_wconf 82' lang='grc' dir='ltr'><em>λόγων</em></span> <span class='ocrx_word' id='word_1_228' title='bbox 960 2337 1045 2381; x_wconf 90' lang='lat' dir='ltr'><em>Mo</em></span> <span class='ocrx_word' id='word_1_229' title='bbox 1071 2338 1077 2395; x_wconf 97' lang='grc' dir='ltr'>Ι</span> <span class='ocrx_word' id='word_1_230' title='bbox 1105 2337 1186 2382; x_wconf 89' lang='grc' dir='ltr'><em>τὸν</em></span> <span class='ocrx_word' id='word_1_231' title='bbox 1217 2335 1353 2394; x_wconf 81' lang='grc' dir='ltr'><em>λόγον</em></span> <span class='ocrx_word' id='word_1_232' title='bbox 1379 2338 1507 2382; x_wconf 81' lang='lat' dir='ltr'><em>CAP</em></span> <span class='ocrx_word' id='word_1_233' title='bbox 1519 2337 1621 2380; x_wconf 86' lang='lat' dir='ltr'><em>Mor</em></span> <span class='ocrx_word' id='word_1_234' title='bbox 1733 2341 1759 2379; x_wconf 86' lang='lat'>5</span> <span class='ocrx_word' id='word_1_235' title='bbox 1790 2336 1843 2380; x_wconf 89' lang='grc' dir='ltr'><em>τὸ</em></span> 
     </span>
     <span class='ocr_line' id='line_1_30' title="bbox 161 2355 1845 2456; baseline 0 -18"><span class='ocrx_word' id='word_1_236' title='bbox 161 2409 186 2439; x_wconf 84' lang='lat' dir='ltr'>e</span> <span class='ocrx_word' id='word_1_237' title='bbox 217 2403 278 2438; x_wconf 88' lang='grc' dir='ltr'><em>τῶ</em></span> <span class='ocrx_word' id='word_1_238' title='bbox 304 2409 404 2439; x_wconf 87' lang='lat' dir='ltr'><strong>con·</strong></span> <span class='ocrx_word' id='word_1_239' title='bbox 426 2395 485 2439; x_wconf 87' lang='lat'><em>1²</em></span> <span class='ocrx_word' id='word_1_240' title='bbox 547 2399 611 2456; x_wconf 79' lang='grc' dir='ltr'><em>τῷ</em></span> <span class='ocrx_word' id='word_1_241' title='bbox 638 2397 899 2441; x_wconf 79' lang='lat' dir='ltr'><em>MBMoCa</em></span> <span class='ocrx_word' id='word_1_242' title='bbox 927 2395 986 2454; x_wconf 75' lang='grc' dir='ltr'><em>Ι“</em></span> <span class='ocrx_word' id='word_1_243' title='bbox 960 2414 991 2440; x_wconf 89' lang='grc' dir='ltr'><em>α</em></span> <span class='ocrx_word' id='word_1_244' title='bbox 1021 2404 1164 2440; x_wconf 82' lang='grc' dir='ltr'><em>πᾶσιν</em></span> <span class='ocrx_word' id='word_1_245' title='bbox 1189 2355 1297 2441; x_wconf 70' lang='lat' dir='ltr'><em>Moy</em></span> <span class='ocrx_word' id='word_1_246' title='bbox 1395 2401 1420 2440; x_wconf 89' lang='grc'><strong>6</strong></span> <span class='ocrx_word' id='word_1_247' title='bbox 1452 2404 1513 2439; x_wconf 83' lang='grc' dir='ltr'><em>τῶ</em></span> <span class='ocrx_word' id='word_1_248' title='bbox 1537 2395 1701 2440; x_wconf 87' lang='grc' dir='ltr'><em>ΙΒΜο</em></span> <span class='ocrx_word' id='word_1_249' title='bbox 1728 2396 1734 2454; x_wconf 92' lang='grc' dir='ltr'>Ι</span> <span class='ocrx_word' id='word_1_250' title='bbox 1762 2397 1845 2439; x_wconf 80' lang='lat' dir='ltr'><em>aut</em></span> 
     </span>
     <span class='ocr_line' id='line_1_31' title="bbox 160 2442 1784 2512; baseline 0 -14"><span class='ocrx_word' id='word_1_251' title='bbox 160 2450 282 2500; x_wconf 85' lang='grc' dir='ltr'><em>εἶναι</em></span> <span class='ocrx_word' id='word_1_252' title='bbox 324 2442 622 2501; x_wconf 80' lang='lat' dir='ltr'>inserendum</span> <span class='ocrx_word' id='word_1_253' title='bbox 665 2458 747 2499; x_wconf 73' lang='lat' dir='ltr'><em>aut</em></span> <span class='ocrx_word' id='word_1_254' title='bbox 790 2453 860 2507; x_wconf 85' lang='grc' dir='ltr'><em>οἷς</em></span> <span class='ocrx_word' id='word_1_255' title='bbox 895 2455 1027 2508; x_wconf 82' lang='grc' dir='ltr'><em>ἄξιον</em></span> <span class='ocrx_word' id='word_1_256' title='bbox 1059 2454 1219 2511; x_wconf 86' lang='grc' dir='ltr'><em>μόνοις</em></span> <span class='ocrx_word' id='word_1_257' title='bbox 1255 2455 1507 2511; x_wconf 82' lang='lat' dir='ltr'><strong>legendum</strong></span> <span class='ocrx_word' id='word_1_258' title='bbox 1546 2457 1687 2512; x_wconf 73' lang='lat' dir='ltr'>putat</span> <span class='ocrx_word' id='word_1_259' title='bbox 1716 2455 1784 2498; x_wconf 78' lang='lat' dir='ltr'><em>Re</em></span> 
     </span>
     <span class='ocr_line' id='line_1_32' title="bbox 162 2510 1844 2573; baseline 0.001 -17"><span class='ocrx_word' id='word_1_260' title='bbox 162 2517 187 2556; x_wconf 80' lang='lat'><strong>7</strong></span> <span class='ocrx_word' id='word_1_261' title='bbox 229 2510 375 2569; x_wconf 87' lang='grc' dir='ltr'><em>μόνον</em></span> <span class='ocrx_word' id='word_1_262' title='bbox 416 2514 568 2560; x_wconf 82' lang='grc' dir='ltr'><em>ΠΙΜο</em></span> <span class='ocrx_word' id='word_1_263' title='bbox 616 2515 623 2573; x_wconf 95' lang='grc' dir='ltr'>Ι</span> <span class='ocrx_word' id='word_1_264' title='bbox 674 2512 975 2559; x_wconf 75' lang='grc' dir='ltr'><em>ἐνδείκνυσθε</em></span> <span class='ocrx_word' id='word_1_265' title='bbox 1016 2515 1246 2559; x_wconf 87' lang='grc' dir='ltr'><em>ΜΒΜοΙ</em></span> <span class='ocrx_word' id='word_1_266' title='bbox 1278 2514 1360 2558; x_wconf 83' lang='lat' dir='ltr'><em>sed</em></span> <span class='ocrx_word' id='word_1_267' title='bbox 1406 2514 1456 2558; x_wconf 87' lang='lat' dir='ltr'><em>in</em></span> <span class='ocrx_word' id='word_1_268' title='bbox 1500 2514 1591 2559; x_wconf 81' lang='lat' dir='ltr'><em>hoo</em></span> <span class='ocrx_word' id='word_1_269' title='bbox 1633 2526 1773 2570; x_wconf 77' lang='lat' dir='ltr'>supra</span> <span class='ocrx_word' id='word_1_270' title='bbox 1817 2530 1844 2557; x_wconf 85' lang='grc' dir='ltr'><em>υ</em></span> 
     </span>
     <span class='ocr_line' id='line_1_33' title="bbox 160 2573 1844 2630; baseline 0.001 -15"><span class='ocrx_word' id='word_1_271' title='bbox 160 2585 322 2615; x_wconf 81' lang='lat' dir='ltr'>rasura.</span> <span class='ocrx_word' id='word_1_272' title='bbox 353 2574 402 2616; x_wconf 74' lang='lat' dir='ltr'><em>et</em></span> <span class='ocrx_word' id='word_1_273' title='bbox 431 2575 519 2617; x_wconf 82' lang='grc' dir='ltr'><em>σθε</em></span> <span class='ocrx_word' id='word_1_274' title='bbox 549 2575 679 2617; x_wconf 75' lang='lat' dir='ltr'><strong>trans</strong></span> <span class='ocrx_word' id='word_1_275' title='bbox 711 2573 884 2618; x_wconf 83' lang='lat' dir='ltr'><strong>lineam</strong></span> <span class='ocrx_word' id='word_1_276' title='bbox 914 2573 985 2616; x_wconf 81' lang='lat'><em>111²</em></span> <span class='ocrx_word' id='word_1_277' title='bbox 1114 2577 1140 2616; x_wconf 92' lang='lat'>8</span> <span class='ocrx_word' id='word_1_278' title='bbox 1171 2576 1448 2630; x_wconf 79' lang='grc' dir='ltr'><em>πλημελοῦσι</em></span> <span class='ocrx_word' id='word_1_279' title='bbox 1472 2573 1551 2618; x_wconf 89' lang='grc' dir='ltr'><em>ΡΙ</em></span> <span class='ocrx_word' id='word_1_280' title='bbox 1567 2575 1615 2617; x_wconf 77' lang='lat' dir='ltr'><em>et</em></span> <span class='ocrx_word' id='word_1_281' title='bbox 1645 2587 1671 2616; x_wconf 84' lang='lat' dir='ltr'>e</span> <span class='ocrx_word' id='word_1_282' title='bbox 1700 2574 1844 2629; x_wconf 78' lang='grc' dir='ltr'><em>πλημ-</em></span> 
     </span>
     <span class='ocr_line' id='line_1_34' title="bbox 162 2631 1844 2690; baseline 0.001 -16"><span class='ocrx_word' id='word_1_283' title='bbox 162 2633 347 2687; x_wconf 80' lang='grc' dir='ltr'><em>μελοῦσι</em></span> <span class='ocrx_word' id='word_1_284' title='bbox 378 2645 479 2675; x_wconf 83' lang='lat' dir='ltr'><strong>con·</strong></span> <span class='ocrx_word' id='word_1_285' title='bbox 502 2633 549 2677; x_wconf 92' lang='lat' dir='ltr'><strong><em>B</em></strong></span> <span class='ocrx_word' id='word_1_286' title='bbox 576 2636 581 2687; x_wconf 89' lang='grc' dir='ltr'>Ι</span> <span class='ocrx_word' id='word_1_287' title='bbox 618 2648 640 2676; x_wconf 86' lang='grc' dir='ltr'><em>ε</em></span> <span class='ocrx_word' id='word_1_288' title='bbox 669 2632 887 2676; x_wconf 79' lang='lat' dir='ltr'><strong>ultimum</strong></span> <span class='ocrx_word' id='word_1_289' title='bbox 918 2633 968 2675; x_wconf 90' lang='lat' dir='ltr'><em>in</em></span> <span class='ocrx_word' id='word_1_290' title='bbox 1000 2634 1306 2690; x_wconf 77' lang='grc' dir='ltr'><em>συγκρύπτετε</em></span> <span class='ocrx_word' id='word_1_291' title='bbox 1338 2645 1394 2676; x_wconf 81' lang='lat' dir='ltr'><em>ex</em></span> <span class='ocrx_word' id='word_1_292' title='bbox 1425 2649 1476 2677; x_wconf 86' lang='grc' dir='ltr'><em>αι</em></span> <span class='ocrx_word' id='word_1_293' title='bbox 1507 2646 1608 2677; x_wconf 83' lang='lat' dir='ltr'>corr</span> <span class='ocrx_word' id='word_1_294' title='bbox 1631 2631 1689 2676; x_wconf 78' lang='lat'><em>1²</em></span> <span class='ocrx_word' id='word_1_295' title='bbox 1722 2634 1729 2687; x_wconf 90' lang='grc' dir='ltr'>Ι</span> <span class='ocrx_word' id='word_1_296' title='bbox 1763 2631 1844 2675; x_wconf 78' lang='grc' dir='ltr'><em>καὶ</em></span> 
     </span>
     <span class='ocr_line' id='line_1_35' title="bbox 162 2690 1845 2751; baseline 0.001 -18"><span class='ocrx_word' id='word_1_297' title='bbox 162 2703 238 2733; x_wconf 88' lang='lat' dir='ltr'><em>om</em></span> <span class='ocrx_word' id='word_1_298' title='bbox 270 2690 356 2734; x_wconf 85' lang='lat' dir='ltr'><em>Mo</em></span> <span class='ocrx_word' id='word_1_299' title='bbox 497 2696 552 2734; x_wconf 84' lang='lat'><em>12</em></span> <span class='ocrx_word' id='word_1_300' title='bbox 583 2690 763 2751; x_wconf 82' lang='grc' dir='ltr'><em>υομένῳ</em></span> <span class='ocrx_word' id='word_1_301' title='bbox 794 2691 843 2734; x_wconf 91' lang='lat' dir='ltr'><em>in</em></span> <span class='ocrx_word' id='word_1_302' title='bbox 874 2690 1155 2751; x_wconf 82' lang='grc' dir='ltr'><em>τοξευομένῳ</em></span> <span class='ocrx_word' id='word_1_303' title='bbox 1187 2692 1236 2735; x_wconf 88' lang='lat' dir='ltr'><em>in</em></span> <span class='ocrx_word' id='word_1_304' title='bbox 1267 2705 1343 2735; x_wconf 83' lang='lat' dir='ltr'><em>ras</em></span> <span class='ocrx_word' id='word_1_305' title='bbox 1366 2691 1432 2736; x_wconf 74' lang='lat' dir='ltr'><em>P’</em></span> <span class='ocrx_word' id='word_1_306' title='bbox 1571 2695 1626 2734; x_wconf 86' lang='lat'><em>13</em></span> <span class='ocrx_word' id='word_1_307' title='bbox 1659 2691 1845 2745; x_wconf 81' lang='lat' dir='ltr'><em>„malim</em></span> 
     </span>
     <span class='ocr_line' id='line_1_36' title="bbox 162 2725 1844 2825; baseline -0.001 -31"><span class='ocrx_word' id='word_1_308' title='bbox 162 2749 489 2794; x_wconf 81' lang='grc' dir='ltr'><em>ἐναναπαῦσαι</em></span> <span class='ocrx_word' id='word_1_309' title='bbox 519 2757 602 2795; x_wconf 80' lang='lat' dir='ltr'><em>aut</em></span> <span class='ocrx_word' id='word_1_310' title='bbox 635 2738 994 2795; x_wconf 79' lang='grc' dir='ltr'><em>ἐπαναπαῦσαι“</em></span> <span class='ocrx_word' id='word_1_311' title='bbox 1026 2751 1094 2795; x_wconf 84' lang='lat' dir='ltr'><em>Re</em></span> <span class='ocrx_word' id='word_1_312' title='bbox 1246 2756 1301 2794; x_wconf 82' lang='lat'><em>14</em></span> <span class='ocrx_word' id='word_1_313' title='bbox 1333 2766 1424 2815; x_wconf 80' lang='grc' dir='ltr'><em>οπῃ</em></span> <span class='ocrx_word' id='word_1_314' title='bbox 1462 2766 1549 2807; x_wconf 82' lang='grc' dir='ltr'><em>περ</em></span> <span class='ocrx_word' id='word_1_315' title='bbox 1590 2750 1635 2795; x_wconf 90' lang='lat' dir='ltr'><strong><em>U</em></strong></span> <span class='ocrx_word' id='word_1_316' title='bbox 1659 2725 1758 2825; x_wconf 64' lang='lat'><em>[⁷19</em></span> <span class='ocrx_word' id='word_1_317' title='bbox 1795 2750 1844 2793; x_wconf 88' lang='lat' dir='ltr'><em>in</em></span> 
     </span>
     <span class='ocr_line' id='line_1_37' title="bbox 160 2806 1845 2883; baseline 0.001 -32"><span class='ocrx_word' id='word_1_318' title='bbox 160 2806 266 2864; x_wconf 79' lang='grc' dir='ltr'><em>ἴδης</em></span> <span class='ocrx_word' id='word_1_319' title='bbox 296 2821 352 2851; x_wconf 84' lang='lat' dir='ltr'><em>ex</em></span> <span class='ocrx_word' id='word_1_320' title='bbox 382 2824 454 2860; x_wconf 83' lang='grc' dir='ltr'><em>οις</em></span> <span class='ocrx_word' id='word_1_321' title='bbox 483 2822 584 2852; x_wconf 82' lang='lat' dir='ltr'>corr</span> <span class='ocrx_word' id='word_1_322' title='bbox 605 2809 672 2854; x_wconf 77' lang='lat' dir='ltr'><em>P²</em></span> <span class='ocrx_word' id='word_1_323' title='bbox 745 2809 867 2861; x_wconf 80' lang='grc' dir='ltr'><em>ἴδοις</em></span> <span class='ocrx_word' id='word_1_324' title='bbox 899 2811 984 2854; x_wconf 88' lang='lat' dir='ltr'><em>Mo</em></span> <span class='ocrx_word' id='word_1_325' title='bbox 1013 2825 1126 2854; x_wconf 88' lang='lat' dir='ltr'><em>num</em></span> <span class='ocrx_word' id='word_1_326' title='bbox 1157 2809 1271 2883; x_wconf 73' lang='grc' dir='ltr'><em>ἴὸῃὶ)</em></span> <span class='ocrx_word' id='word_1_327' title='bbox 1305 2810 1312 2868; x_wconf 99' lang='grc' dir='ltr'>Ι</span> <span class='ocrx_word' id='word_1_328' title='bbox 1346 2810 1543 2868; x_wconf 77' lang='grc' dir='ltr'><em>ἀκριβὴς</em></span> <span class='ocrx_word' id='word_1_329' title='bbox 1570 2836 1629 2842; x_wconf 85' lang='grc'>-</span> <span class='ocrx_word' id='word_1_330' title='bbox 1661 2810 1845 2865; x_wconf 77' lang='grc' dir='ltr'><em>ιδρυται</em></span> 
     </span>
     <span class='ocr_line' id='line_1_38' title="bbox 161 2866 1846 2925; baseline 0.001 -15"><span class='ocrx_word' id='word_1_331' title='bbox 161 2866 279 2911; x_wconf 74' lang='lat' dir='ltr'><strong>citat</strong></span> <span class='ocrx_word' id='word_1_332' title='bbox 301 2866 462 2911; x_wconf 88' lang='lat' dir='ltr'>Thom.</span> <span class='ocrx_word' id='word_1_333' title='bbox 495 2867 556 2910; x_wconf 88' lang='lat' dir='ltr'>M</span> <span class='ocrx_word' id='word_1_334' title='bbox 590 2882 625 2912; x_wconf 83' lang='lat' dir='ltr'>s</span> <span class='ocrx_word' id='word_1_335' title='bbox 649 2883 688 2912; x_wconf 89' lang='lat' dir='ltr'><em>v.</em></span> <span class='ocrx_word' id='word_1_336' title='bbox 722 2868 925 2919; x_wconf 79' lang='grc' dir='ltr'><em>εὔθυνος</em></span> <span class='ocrx_word' id='word_1_337' title='bbox 954 2883 998 2925; x_wconf 89' lang='lat' dir='ltr'><em>p.</em></span> <span class='ocrx_word' id='word_1_338' title='bbox 1026 2873 1126 2924; x_wconf 88' lang='lat'>108,</span> <span class='ocrx_word' id='word_1_339' title='bbox 1146 2873 1199 2912; x_wconf 84' lang='lat'><em>19</em></span> <span class='ocrx_word' id='word_1_340' title='bbox 1234 2866 1348 2913; x_wconf 78' lang='grc' dir='ltr'><em>ὅθεν</em></span> <span class='ocrx_word' id='word_1_341' title='bbox 1378 2869 1460 2912; x_wconf 84' lang='grc' dir='ltr'><em>καὶ</em></span> <span class='ocrx_word' id='word_1_342' title='bbox 1490 2869 1694 2919; x_wconf 76' lang='grc' dir='ltr'><em>εὔθυνος</em></span> <span class='ocrx_word' id='word_1_343' title='bbox 1715 2868 1846 2924; x_wconf 80' lang='grc' dir='ltr'><em>παρὰ</em></span> 
     </span>
     <span class='ocr_line' id='line_1_39' title="bbox 161 2923 1640 2986; baseline 0.002 -17"><span class='ocrx_word' id='word_1_344' title='bbox 161 2923 370 2986; x_wconf 81' lang='grc' dir='ltr'><em>Λιβανίῳ</em></span> <span class='ocrx_word' id='word_1_345' title='bbox 403 2926 454 2970; x_wconf 81' lang='grc' dir='ltr'><em>ἐν</em></span> <span class='ocrx_word' id='word_1_346' title='bbox 476 2930 540 2986; x_wconf 83' lang='grc' dir='ltr'><em>τῷ</em></span> <span class='ocrx_word' id='word_1_347' title='bbox 562 2924 839 2986; x_wconf 79' lang='grc' dir='ltr'><em>Ἀντιοχικῷ·</em></span> <span class='ocrx_word' id='word_1_348' title='bbox 874 2929 1250 2984; x_wconf 79' lang='grc' dir='ltr'><em>δικαιοσύνης</em></span> <span class='ocrx_word' id='word_1_349' title='bbox 1280 2927 1520 2985; x_wconf 82' lang='grc' dir='ltr'><em>ἀκριβὴς</em></span> <span class='ocrx_word' id='word_1_350' title='bbox 1550 2930 1640 2972; x_wconf 84' lang='grc' dir='ltr'><em>κτλ.</em></span> 
     </span>
    </p>
   </div>
   <div class='ocr_carea' id='block_1_10' title="bbox 1887 634 1905 665">
    <p class='ocr_par' dir='ltr' id='par_1_10' title="bbox 1887 634 1905 665">
     <span class='ocr_line' id='line_1_40' title="bbox 1887 634 1905 665; baseline 0 0"><span class='ocrx_word' id='word_1_351' title='bbox 1887 634 1905 665; x_wconf 88' lang='grc'>5</span> 
     </span>
    </p>
   </div>
   <div class='ocr_carea' id='block_1_11' title="bbox 1866 1077 1907 1108">
    <p class='ocr_par' dir='ltr' id='par_1_11' title="bbox 1866 1077 1907 1108">
     <span class='ocr_line' id='line_1_41' title="bbox 1866 1077 1907 1108; baseline 0 0"><span class='ocrx_word' id='word_1_352' title='bbox 1866 1077 1907 1108; x_wconf 94' lang='grc'><em>10</em></span> 
     </span>
    </p>
   </div>
  </div>
 </body>
</html>
