2090 3162
245 133 353 185 494
798 134 1024 177 LIBANII
1056 134 1278 179 ORATIO
1311 134 1374 178 XI

243 268 388 341 μέσῳ
429 270 803 338 στρεφόμενον
839 274 963 322 ἴσον
996 274 1138 322 οἴκοι
1167 272 1481 322 καταλείπει
1512 271 1573 323 τὸ
1615 272 1931 341 οἰκουροῦν.

247 359 364 409 171.
412 359 505 419 τὰς
552 354 653 425 μὲν
694 353 798 410 οὖν
830 356 1067 426 Ἀθήνας
1100 357 1387 426 Ἀθηναῖοι
1427 361 1583 431 φόβῳ
1621 366 1716 427 τῆς
1754 364 1926 413 Λακε-

243 447 545 513 δαιμονίων
583 444 815 514 ἐμβολῆς
855 445 1166 509 ἐκλιπόντες
1204 449 1335 509 τοὺς
1367 447 1574 515 δήμους
1605 447 1926 517 ἐνέπλησαν,

241 536 329 586 καὶ
380 530 449 602 ἦν
498 543 561 604 τῇ
613 537 767 587 πόλει
816 539 1031 603 πλῆθος
1076 536 1109 603 ἡ
1148 544 1260 587 τῶν
1300 535 1486 605 ἀγρῶν
1525 535 1742 605 ἐρημία,
1791 536 1918 607 παρ’

197 644 215 675 5
241 624 371 691 ἡμῖν
411 623 472 676 δὲ
521 633 631 676 τῶν
678 623 863 692 ἀγρῶν
913 627 1153 686 πολλοὺς
1190 633 1301 677 τῶν
1349 624 1585 678 ἀστικῶν
1634 624 1925 694 ἐφελκομέ-

240 732 371 779 νων,
423 713 603 780 ὥσπερ
653 712 1057 780 κεκενωμένων,
1107 714 1140 780 ἡ
1180 715 1338 775 πόλις
1385 715 1461 775 εἰς
1506 717 1721 782 πλῆθος
1760 713 1925 767 ἀνθεῖ

239 798 330 852 καὶ
385 799 527 852 οὕτω
585 801 677 852 διὰ
721 800 898 868 πάσης
951 799 1152 868 ἡμέρας
1199 799 1283 853 ἐπ’
1339 800 1540 870 ἀγορᾶς
1590 806 1736 868 ἴσον,
1788 802 1923 854 ὥστε

239 889 622 956 πληθούσης
661 888 901 958 ἀγορᾶς
941 889 1041 957 οὐχ
1073 888 1134 941 ἕν
1165 909 1215 941 τι
1247 888 1408 959 μέρος
1439 897 1534 957 τῆς
1565 889 1764 959 ἡμέρας
1794 891 1924 960 τῇδε

239 979 398 1046 δηλοῖ
428 975 519 1029 καὶ
560 977 779 1047 σφόδρα
821 976 882 1030 ἕν
912 997 965 1030 τι
1005 978 1214 1046 δηλοῦν
1247 977 1501 1047 ἑτέρωθι·
1540 978 1600 1030 τὸ
1637 979 1740 1048 γὰρ
1781 979 1922 1046 ὡμα-

172 1086 214 1118 10
240 1065 499 1134 λισμένον
551 1063 718 1119 οὐδὲν
765 1064 1041 1134 ἐξαίρετον
1090 1074 1185 1134 τῆς
1235 1066 1435 1135 ἡμέρας
1483 1066 1645 1137 μέρος
1691 1066 1924 1120 ἀκοῦσαι

237 1163 526 1224 συγχωρεῖ,
565 1153 681 1206 ἀλλ’
720 1153 792 1222 ἢν
823 1160 976 1224 εἴπῃς
1014 1156 1422 1224 πλήθουσαν,
1460 1155 1638 1208 πάντα
1668 1157 1766 1208 τὸν
1797 1157 1923 1226 χρό-

235 1263 337 1295 νον
369 1244 692 1310 ὃεδήλωκας.
751 1243 870 1295 172.
911 1243 1091 1313 ὥσπερ
1124 1245 1228 1313 γὰρ
1262 1252 1373 1296 τῶν
1404 1253 1663 1313 ποταμῶν
1694 1244 1923 1307 ὁπόσοις

237 1331 303 1384 οὐ
359 1334 604 1400 σχίζουσι
658 1333 719 1384 τὸ
777 1332 952 1402 ῥεῦμα
1003 1331 1196 1401 πέτραι
1251 1329 1396 1395 τινὲς
1448 1334 1583 1385 κατὰ
1635 1333 1695 1385 τὸ
1750 1332 1924 1402 μέσον

171 1442 212 1472 14
238 1419 612 1489 ἀνεστηκυΐαι,
669 1422 761 1473 διὰ
810 1429 937 1489 μιᾶς
988 1428 1254 1490 συνεχοῦς
1294 1423 1470 1485 ὄψεως
1510 1421 1539 1474 ὁ
1578 1423 1751 1490 πόρος
1787 1423 1920 1491 πρό-

147 1520 188 1563 R
210 1525 293 1564 329
328 1523 487 1577 εισιν,
523 1507 529 1580 Ι
565 1509 738 1572 οὕτως
775 1508 1021 1562 ἐνταῦθα
1057 1518 1169 1562 τῶν
1206 1510 1543 1577 βαδιζόντων
1584 1511 1614 1578 ἡ
1646 1512 1924 1579 πυκνότης

236 1594 402 1650 οὐδὲν
451 1596 512 1650 ἐν
558 1597 703 1670 μέσῳ
750 1599 920 1661 ψιλὸν
957 1596 1020 1669 ἐᾷ
1071 1606 1340 1667 φανῆναι,
1391 1599 1530 1651 ὥστε
1573 1605 1648 1669 τῷ
1697 1607 1922 1666 πρῶτον

235 1683 514 1738 ἐπιστάντι
563 1687 653 1738 καὶ
703 1685 965 1758 θεωμένῳ
1017 1685 1148 1749 δόξα
1186 1685 1255 1738 ἂν
1293 1688 1597 1756 παρασταίη
1639 1683 1781 1739 εἶναι
1819 1685 1921 1755 μέν

235 1794 388 1836 τινας
443 1772 542 1837 ἔξω
596 1782 691 1842 τῆς
743 1777 953 1837 πόλεως
1007 1773 1198 1845 ἑορτὰς
1251 1773 1379 1828 καθ’
1438 1773 1668 1843 ἑκάστην
1719 1775 1918 1843 πύλην,

236 1865 385 1934 νόμῳ
420 1845 491 1915 ’δέ
525 1844 635 1916 τίνι
673 1864 774 1932 τὴν
812 1865 976 1916 πόλιν
1016 1863 1093 1925 εἰς
1130 1864 1330 1926 ταύτας
1366 1845 1672 1916 κενοῦσθαι
1710 1866 1918 1933 μεριζο-

167 1972 210 2004 20
234 1950 416 2018 μένων
465 1961 575 2004 τῶν
626 1953 927 2022 οἰκητόρων
969 1952 1104 2004 κατὰ
1154 1953 1254 2020 τὴν
1293 1953 1578 2020 βούλησιν.
1659 1951 1779 2004 173.
1832 1949 1916 2004 ἑνὶ

236 2037 283 2091 δ’
323 2041 393 2092 ἄν
429 2058 512 2103 τις
553 2041 883 2110 δυσχεράναι
921 2041 1022 2108 τὴν
1059 2041 1239 2108 πόλιν,
1281 2039 1365 2092 ὅτι
1400 2048 1515 2102 τοῖς
1545 2039 1918 2108 ἐπειγομένοις

291 2217 297 2222 “
354 2234 379 2272 2
412 2229 554 2273 Thac.
586 2229 628 2273 Π
653 2234 708 2273 14
740 2231 787 2273 et
819 2234 874 2274 52

356 2411 378 2448 1
413 2409 516 2450 ι’σον
555 2406 604 2450 in
643 2405 744 2450 ἴσον
785 2419 886 2450 corr
914 2405 973 2449 1³
1123 2411 1147 2449 2
1182 2402 1266 2450 οὖν
1305 2407 1429 2450 inser
1458 2405 1516 2449 1²
1664 2411 1690 2448 3
1723 2406 1916 2480 ἐμβολῆς

234 2464 359 2508 inser
388 2464 446 2508 Ι*
507 2479 581 2509 0111
622 2467 666 2510 U
777 2470 805 2509 4
836 2465 916 2509 καὶ
946 2491 1004 2497 -
1036 2461 1201 2522 ἐρημία
1234 2464 1351 2509 citat
1378 2464 1496 2508 Plan
1526 2464 1604 2509 fol
1632 2469 1686 2508 99
1728 2466 1735 2521 Ι
1777 2464 1806 2520 ἡ
1838 2479 1914 2508 0111

235 2524 320 2568 Mo
359 2524 365 2582 Ι
403 2524 591 2579 ἀνδρῶν
625 2525 690 2569 Ca
825 2529 850 2567 5
882 2524 1093 2569 ἀστυκῶν
1135 2525 1207 2570 ΠΙ
1335 2527 1360 2567 6
1392 2522 1677 2580 κεκενωμένη
1710 2523 1814 2567 coni
1843 2523 1913 2568 Re

295 2587 320 2625 ’7
351 2598 419 2626 πα
451 2596 555 2626 cum
584 2595 746 2626 rasura
771 2587 794 2625 1
820 2582 1006 2627 litterae
1037 2583 1082 2627 U
1111 2582 1179 2641 Ιὴ
1183 2581 1324 2639 μέρας
1354 2583 1387 2626 Ι
1421 2583 1502 2626 sed
1541 2600 1597 2633 ας
1633 2583 1683 2626 111
1720 2595 1796 2626 ras
1834 2581 1912 2626 m³

291 2658 320 2697 η
384 2657 468 2696 ρας
506 2655 610 2685 011111
647 2654 810 2686 rasura.
841 2646 866 2685 2
905 2641 1168 2685 litterarum
1207 2642 1251 2686 U
1286 2641 1293 2699 Ι
1335 2638 1409 2686 ἐπ’
1445 2642 1475 2684 ἀ
1477 2649 1620 2699 γορᾶς
1656 2641 1781 2685 inser
1809 2640 1868 2684 1²
1901 2640 1908 2700 Ι

234 2714 346 2744 ωστε
378 2699 459 2745 διὰ
489 2701 673 2746 111..Μο
794 2706 848 2744 12
881 2699 1031 2756 ὥσπερ
1057 2727 1112 2733 -
1139 2705 1192 2744 16
1226 2705 1435 2756 φανῆναι
1466 2700 1583 2744 citat
1611 2700 1729 2744 Plan
1753 2699 1832 2743 fol.
1853 2703 1909 2743 99

296 2763 351 2802 13
390 2759 442 2803 τὸ
481 2761 543 2816 (2)
576 2773 652 2803 0111
684 2760 771 2804 Mo
790 2758 910 2803 Plan
984 2759 1109 2803 inser
1129 2759 1189 2803 Ι2
1333 2763 1388 2802 14
1426 2757 1447 2802 ἑ
1487 2773 1567 2815 στη
1570 2767 1699 2803 κυῖαι
1733 2759 1798 2804 Ga
1837 2758 1844 2816 Ι
1882 2756 1907 2802 ὁ

233 2815 377 2872 πόρος
407 2831 483 2861 0111
509 2819 594 2862 Mo
714 2821 768 2861 18
801 2835 836 2862 ω
869 2819 916 2861 et
945 2835 999 2874 ης
1028 2819 1077 2861 111
1109 2818 1193 2873 ἔξω
1224 2823 1307 2874 τῆς
1336 2817 1384 2860 in
1415 2830 1491 2861 ras
1513 2817 1572 2861 12
1599 2818 1605 2876 Ι
1633 2817 1794 2874 ἑορτὰς
1823 2815 1907 2869 ἔξω

231 2881 315 2977 {fis
351 2874 526 2978 πέλΙεως
558 2878 643 2922 Mo
777 2882 833 2921 20
863 2876 946 2933 τὴν
978 2890 1052 2920 0111
1083 2877 1194 2921 ΒΜ
1230 2877 1237 2935 Ι
1278 2876 1348 2922 ἑνὶ
1378 2902 1434 2909 -
1466 2881 1566 2931 495,
1583 2881 1610 2920 3
1642 2877 1757 2926 νεώς
1793 2875 1910 2919 citat

290 2947 349 2978 an
400 2948 458 2980 0.
485 2939 539 2979 99
701 2946 705 2951 ’
