2090 3162
775 111 1000 155 LIBANII
1031 111 1250 156 ORATIO
1284 113 1344 155 XI
1785 115 1891 166 443

221 256 332 299 τῶν
385 247 544 316 ὡρῶν
589 247 621 314 ἡ
672 255 875 316 κρᾶσις.
959 255 1026 315 γῆ
1081 250 1272 300 τοίνυν
1325 250 1357 316 ἡ
1411 248 1511 316 μὲν
1563 248 1727 300 ὑπτία
1780 258 1892 311 τοῖς

223 335 479 402 πελάγεσι
518 334 910 404 παρισουμένη,
954 338 1154 403 βαθεῖα
1191 337 1279 388 καὶ
1318 338 1501 406 πίειρα
1538 338 1627 389 καὶ
1665 340 1890 405 μαλακή,

220 424 421 493 ῥᾳδίως
466 420 567 491 μὲν
605 422 860 493 ἀρότροις
907 429 1153 491 εἴκουσα,
1201 434 1459 494 γεωργῶν
1498 425 1558 477 δὲ
1597 423 1892 492 ἐπιθυμίας

145 523 148 527 ’
218 510 467 575 ἐπιεικῶς
511 513 947 581 ὑπερβαίνουσα,
1003 512 1202 579 ὁμοίως
1255 513 1355 582 μὲν
1402 513 1583 581 ἀγαθὴ
1631 516 1891 582 σπείρειν,

221 599 420 668 ὁμοίως
473 600 534 652 δὲ
595 599 777 668 ἀγαθὴ
834 602 1096 669 φυτεύειν
1148 602 1235 653 καὶ
1288 602 1423 671 πρὸς
1477 600 1746 670 ἑκατέρων
1798 604 1892 664 τὰς
1938 623 1955 654 5

217 689 385 756 γονὰς
439 684 501 741 εὗ
554 688 892 757 ἡρμοσμένη,
947 689 1151 758 δένδρα
1203 690 1303 757 μὲν
1347 689 1530 757 ὑψηλὰ
1578 688 1702 758 μεθ’
1748 691 1891 759 ὥρας

220 776 578 846 παρεχομένη,
610 780 739 839 τοὺς
772 778 833 830 δὲ
864 777 1099 846 ἀστάχυς
1130 787 1241 831 τῶν
1271 776 1396 847 παρ’
1429 779 1614 840 ἄλλοις
1645 778 1890 847 δένδρων

215 865 605 935 ὑψηλοτέρους,
644 868 773 927 τοὺς
813 863 872 918 δὲ
911 868 1153 935 καρποὺς
1192 868 1268 929 εἰς
1305 870 1534 935 πλῆθος,
1565 868 1624 919 τὸ
1667 867 1726 920 δὲ
1765 868 1888 919 κάλ-

216 958 308 1016 λος
346 954 482 1022 ὑπὲρ
523 955 583 1006 τὸ
623 957 850 1021 πλῆθος.
912 954 998 1006 20.
1038 956 1227 1007 ἄπεστι
1267 955 1328 1008 δὲ
1367 955 1532 1007 οὐδὲν
1568 955 1596 1007 ὃ
1636 964 1888 1023 παρεῖναι

213 1042 448 1111 βέλτιον,
497 1041 612 1094 ἀλλ’
658 1043 727 1094 ἄν
764 1061 820 1094 τε
860 1043 958 1095 τὸν
998 1045 1281 1096 Διόνυσον
1320 1048 1496 1113 εἴπῃς,
1546 1045 1719 1105 πολὺς
1755 1042 1879 1111 παρ’
1913 1064 1954 1094 10

217 1131 348 1199 ἡμῖν
392 1132 667 1200 βακχεύει,
715 1132 784 1182 ἄν
821 1150 876 1182 τε
915 1132 1015 1199 τὴν
1046 1129 1306 1199 Ἀθηνᾶν,
1353 1137 1426 1203 τῷ
1461 1137 1616 1204 φυτῷ
1651 1131 1817 1199 αὐτῆς
1856 1131 1887 1199 ἡ

214 1227 286 1287 γῆ
326 1226 491 1289 κομᾷ·
532 1219 667 1272 ὥστε
706 1221 878 1281 πολὺς
917 1216 1019 1287 μὲν
1058 1215 1208 1282 οἶνος
1248 1220 1324 1282 εἰς
1361 1221 1489 1280 τοὺς
1529 1219 1764 1288 ὁμόρους
1804 1218 1886 1271 ἐν-

212 1307 382 1360 θένδε
415 1308 514 1377 ῥεῖ,
546 1312 729 1379 πολλῷ
756 1307 817 1360 δὲ
849 1309 927 1360 ἔτι
958 1307 1127 1360 πλέον
1157 1305 1343 1360 ἔλαιον
1368 1306 1428 1359 έν
1453 1307 1677 1360 ὁλκάσιν
1702 1308 1886 1374 ἄγεται

211 1404 491 1464 πανταχοῖ.
568 1397 652 1447 21.
700 1397 964 1464 Δημήτηρ
1006 1396 1066 1448 δὲ
1106 1396 1247 1448 οὕτω
1289 1396 1357 1463 δή
1396 1415 1447 1447 τι
1485 1397 1584 1463 τὴν
1622 1394 1887 1463 ἡμετέραν

210 1484 456 1553 ἠγάπησε
500 1488 709 1551 μᾶλλον
748 1484 780 1553 ἢ
821 1486 1100 1552 Σικελίαν,
1147 1485 1285 1536 ὥστε
1311 1481 1616 1550 ”Ἠφαιστος
1661 1483 1761 1550 μὲν
1800 1482 1886 1535 ἐπὶ
1911 1503 1951 1536 15

210 1579 304 1640 τῆς
353 1571 584 1635 ἀσπίδος
633 1580 844 1641 χρυσῆν
891 1573 1137 1642 ἄρουραν
1175 1571 1446 1640 ἐποίησεν,
1496 1573 1529 1640 ἡ
1580 1572 1640 1624 δὲ
1688 1580 1888 1639 μοῖραν

211 1660 342 1730 ἡμῖν
379 1669 473 1730 τῆς
511 1669 609 1729 γῆς
649 1659 933 1731 οὐξμικρὰν
971 1667 1156 1732 χρυσῷ
1199 1662 1536 1730 προσόμοιον
1575 1658 1791 1728 ἐποίησε
1823 1672 1863 1715 R
1890 1677 1970 1716 281

213 1757 278 1818 τῇ
311 1769 369 1802 τε
400 1751 536 1819 χρόᾳ
567 1747 658 1802 καὶ
690 1750 799 1818 ἅμα
831 1749 860 1802 ὁ
891 1751 1115 1818 καρπός,
1147 1741 1264 1811 οἶος
1294 1748 1396 1802 οὐκ
1428 1749 1684 1815 ἄλλοθεν,
1715 1749 1804 1800 καὶ
1829 1748 1888 1800 τὸ

213 1838 395 1906 δῶρον
433 1837 639 1906 ξανθῆς
688 1838 860 1900 ὄντως
913 1843 1068 1890 θεοῦ.
1144 1837 1229 1889 22.
1280 1838 1379 1905 ὄρη
1419 1833 1479 1888 δὲ
1518 1837 1648 1905 ἡμῖν
1684 1837 1750 1888 τὰ
1786 1836 1887 1903 μὲν

211 1923 273 1978 ἐν
309 1933 374 1996 τῇ
413 1926 579 1995 χώρᾳ,
630 1926 696 1978 τὰ
735 1924 783 1978 δ’
830 1922 900 1978 αὖ
950 1923 1074 1996 περὶ
1123 1926 1222 1994 τὴν
1271 1925 1472 1995 χώραν,
1522 1925 1588 1977 τὰ
1635 1921 1736 1993 μὲν
1785 1925 1885 1992 τὴν
1909 1944 1951 1976 20

331 2089 385 2128 14
417 2083 566 2129 Schol.
591 2085 780 2130 Theocr.
805 2085 826 2128 Ι
850 2089 905 2129 65
1044 2089 1097 2128 16
1130 2084 1179 2128 Π.
1214 2098 1240 2128 σ
1270 2088 1354 2128 549
1492 2087 1544 2127 19
1576 2082 1627 2126 11.
1661 2098 1682 2128 ε
1717 2087 1802 2127 500

248 2236 250 2239 ’
330 2236 353 2274 1
387 2231 508 2288 ὁρῶν
542 2233 626 2278 Mo
761 2237 787 2275 2
818 2230 1062 2289 πελάγεσιν
1094 2229 1359 2287 ἐξισουμένη
1394 2230 1548 2275 MoCa
1682 2234 1707 2273 3
1740 2226 1886 2285 ἡδέως

214 2293 298 2335 Mo
330 2292 433 2348 ety
435 2292 560 2347 oGa
589 2291 639 2335 in
669 2304 803 2348 marg
952 2294 977 2334 5
1025 2289 1094 2348 δὲ]
1143 2290 1225 2347 μὲν
1259 2292 1342 2335 Mo
1491 2293 1517 2332 6
1563 2285 1662 2344 μετ’
1700 2287 1885 2342 ὀπώρας

213 2308 490 2394 MSchmidt
528 2350 694 2394 Philol.
726 2349 811 2394 ΧΠ
843 2353 926 2393 292
1094 2353 1118 2392 7
1150 2349 1289 2394 verba
1324 2348 1433 2400 τοὺς
1470 2346 1522 2392 δὲ
1554 2374 1608 2380 -
1642 2352 1667 2391 9
1708 2349 1885 2403 πλῆθος

212 2409 330 2453 citat
365 2408 482 2453 Plan
511 2408 590 2454 fol.
626 2414 708 2453 103
831 2413 855 2451 7
888 2407 1110 2464 δένδρον
1118 2410 1202 2453 Mo
1321 2411 1347 2451 8
1377 2407 1430 2451 τὸ
1462 2432 1517 2439 -
1550 2411 1575 2450 9
1606 2408 1788 2462 πλῆθος
1817 2405 1885 2450 A·

211 2497 261 2540 in
283 2510 417 2571 marg
487 2497 641 2542 delere
663 2497 765 2541 vult
788 2496 943 2570 Gpsda
969 2499 974 2553 Ι
1002 2495 1192 2541 ἄπεστιν
1217 2495 1355 2540 οὐδὲν
1352 2467 1885 2598 ΜοΟῧΙΜέἓίείἔτέις

214 2557 279 2658 fg
302 2555 497 2660 ἐνεθίῗτῗδὲ
525 2557 627 2659 ἔτί·
650 2557 705 2659 θΙΧ
722 2557 1043 2660 ῚέἴιὲενξῗΡᾳ
1133 2553 1587 2670 141π1τακέἷ3ςΠΙΜ
1641 2566 1882 2668 πανῖαχοῦ

212 2674 415 2741 βΜοΟα
490 2673 696 2731 ὃήμητρα
722 2674 876 2718 MoCa
909 2673 915 2731 Ι
949 2689 1019 2717 τοι
1050 2673 1224 2718 ΒΜΟα
1346 2675 1400 2715 16
1425 2668 1639 2727 ἐποίησεν
1669 2671 1716 2714 Ρ
1742 2669 1823 2714 sed
1855 2685 1882 2711 ν

211 2732 261 2776 in
290 2746 365 2776 ras
395 2747 443 2775 m
487 2745 564 2776 om
588 2733 789 2778 BMoGa
823 2737 828 2784 Ι
863 2731 892 2788 ἡ
924 2730 976 2776 δὲ
1006 2732 1056 2775 in
1086 2745 1161 2776 ras
1195 2730 1265 2775 P*
1386 2733 1439 2774 16
1470 2736 1637 2786 μοῖραν
1662 2754 1715 2761 —
1743 2732 1796 2772 18
1821 2731 1884 2795 τῇ

208 2807 258 2836 τε
289 2790 412 2834 infra-
442 2792 621 2835 textum
644 2791 737 2836 add
761 2790 832 2836 Ρ2
952 2794 1006 2834 17
1032 2788 1248 2848 ἐποίησεν
1270 2786 1300 2846 ἦ
1330 2804 1377 2833 τε
1400 2787 1487 2846 γὰρ
1518 2786 1635 2846 χρόα
1658 2787 1725 2830 Re
1743 2786 1882 2830 Anim

274 2854 327 2894 18
357 2848 555 2894 neuwen
586 2863 687 2895 corr
715 2850 766 2895 in
797 2849 963 2894 ἄλλοθι
993 2849 1101 2894 ΡἸ
1107 2849 1124 2874 ²
1158 2850 1164 2907 Ι
1198 2848 1278 2893 καὶ
1308 2847 1379 2905 τὸ]
1412 2847 1507 2893 ἐστὶ
1537 2846 1610 2892 vol
1639 2848 1842 2890 καλεῖται
1861 2850 1881 2888 ⁸?

274 2913 327 2952 19
361 2925 479 2952 ουτω
511 2908 597 2953 Mo
