2090 3162
247 118 353 169 526
798 116 1021 160 LIBANH
1054 116 1277 161 ORATIO
1309 117 1372 160 XI

245 255 327 315 τίς
366 251 434 305 ἂν
474 260 642 304 ταῦτα
682 251 901 304 ἀκούων
941 254 1051 321 ἔχοι
1099 253 1453 321 ψηφίσασθαι
1492 253 1713 306 πάντων
1753 254 1926 318 οὕτως

244 340 436 409 ἐφεξῆς
493 342 966 409 ίσορροπούντων,
1042 340 1163 392 251.
1222 341 1356 393 ἀλλὰ
1412 343 1615 410 ταύτην
1671 344 1772 411 μὲν
1825 346 1925 413 τὴν

245 433 361 499 ἔριν
393 432 461 497 ἣν
500 430 560 481 τὸ
591 428 717 498 παρ’
758 429 1005 492 ἑκάστοις
1048 426 1189 483 εἶναι
1221 431 1321 498 τὴν
1351 431 1668 494 πλεονεξίαν
1700 430 1928 501 ε’μποιεῖ,

242 517 429 586 μηδεὶς
482 524 633 570 θεῶν
678 518 815 586 ἡμᾶς
871 517 1152 587 ἀφέλοιτο,
1208 526 1302 586 τῆς
1350 517 1400 571 δ’
1454 515 1522 571 αὖ
1579 529 1688 572 τῶν
1742 521 1924 573 ὠνίων

199 627 216 658 5
241 609 557 677 περιουσίας
606 610 663 658 τί
710 604 812 675 μὲν
853 606 1267 676 ἀφθονώτερον,
1319 609 1376 659 τί
1411 605 1471 660 δὲ
1511 607 1922 679 ὃιαρκέστερον;

242 695 274 746 ἃ
323 696 414 747 διὰ
466 695 643 763 πάσης
695 693 796 762 μὲν
844 695 986 748 οὕτω
1037 695 1255 764 κέχυται
1303 704 1397 763 τῆς
1446 699 1677 766 πόλεως,
1733 698 1804 760 ὡς
1849 700 1921 766 μὴ

241 783 403 853 μέρος
443 804 494 836 τι
532 792 627 852 τῆς
671 786 879 847 πόλεως
925 785 986 836 ἓν
1026 784 1233 855 ἀγορὰν
1271 789 1574 853 κεκλῆσθαι
1621 783 1757 855 μηδὲ
1804 787 1922 839 δεῖν

241 874 318 934 εἰς
350 871 410 924 ἕν
441 892 492 924 τι
525 877 823 926 συνελθεῖν
855 873 1256 942 ὠνησομένους,
1297 873 1434 926 ἀλλά
1465 882 1635 927 πᾶσιν
1667 874 1727 927 ἐν
1757 876 1922 927 ποσὶν

240 957 381 1013 εἶναι
427 959 517 1013 καὶ
563 962 668 1031 πρὸ
717 967 915 1031 θυρῶν
961 960 1052 1014 καὶ
1097 970 1377 1031 πανταχοῦ
1425 970 1577 1033 χεῖρα
1623 962 1921 1016 ἐκτείναντι

173 1071 215 1102 10
238 1051 427 1116 λαβεῖν
479 1050 760 1120 ὑπάρχειν.
804 1048 960 1102 .252.
1016 1051 1081 1102 οὐ
1137 1052 1239 1120 γὰρ
1296 1053 1444 1103 ἔστιν
1493 1050 1692 1118 ἀγυιὰν
1748 1052 1921 1115 οὕτως

238 1138 422 1207 εὑρεῖν
473 1138 899 1208 ὠλιγωρημένην
949 1138 1067 1192 οὐδ’
1115 1138 1176 1192 ἐν
1213 1139 1489 1208 ὑστάτοις,
1533 1141 1565 1208 ἢ
1606 1142 1735 1202 τοὺς
1774 1139 1916 1193 ἐνοι-

238 1235 472 1290 κοῦντας
505 1226 730 1297 ἑτέρωσε
761 1227 957 1296 πέμπει
989 1227 1334 1296 ληψομένους
1363 1247 1414 1280 τι
1446 1238 1556 1280 τῶν
1593 1228 1918 1298 ἀναγκαίων,

239 1314 354 1368 ἀλλ’
403 1316 602 1383 ὁμοίως
652 1315 872 1385 ἀκμάζει
923 1317 988 1368 τά
1037 1336 1095 1369 τε
1145 1316 1282 1385 μέσα
1332 1324 1431 1369 τοῦ
1480 1318 1671 1379 ἄστεος
1717 1316 1807 1369 καὶ
1853 1319 1918 1370 τὰ

238 1402 458 1473 ἔσχατα,
519 1403 609 1457 καὶ
665 1405 846 1475 ὥσπερ
900 1406 1069 1474 μεστὰ
1120 1406 1298 1458 πάντα
1354 1404 1685 1475 ἀνθρώπων,
1745 1405 1918 1468 οὕτως

171 1513 211 1544 15
237 1493 419 1546 ὠνίων
457 1493 634 1546 πάντα
672 1494 854 1562 μεστά.
918 1494 1040 1547 253.
1079 1492 1170 1547 καὶ
1208 1495 1387 1546 πολλὰ
1417 1491 1518 1562 μὲν
1549 1503 1660 1546 τῶν
1691 1494 1918 1562 ὠνητῶν

237 1582 339 1649 ἤδη
380 1602 461 1644 τις
499 1587 785 1651 παρῆλθεν
825 1582 890 1634 οὐ
930 1581 1159 1652 χρῄζων,
1198 1578 1277 1635 ὧν
1317 1579 1378 1634 δὲ
1418 1583 1495 1644 εἰς
1532 1583 1722 1651 χρείαν
1759 1579 1916 1651 ἦλθε,

238 1678 408 1722 ταῦτα
469 1670 651 1732 οὐδεὶς
714 1669 968 1738 ἐζήτησεν
1020 1670 1244 1722 ἀπόντα.
1337 1670 1625 1738 ἁμιλλᾶται
1689 1667 1749 1722 δὲ
1801 1680 1917 1733 τοῖς

238 1757 557 1825 ἀναγκαίοις
588 1760 653 1811 τά
683 1760 820 1829 πρὸς
843 1760 1061 1828 τρυφὴν
1087 1757 1434 1828 ἐξευρημένα,
1467 1756 1555 1810 καὶ
1580 1767 1696 1820 ταῖς
1727 1759 1916 1827 τύχαις

238 1845 571 1915 ἀμφοτέραις
623 1844 707 1899 ἔνι
761 1849 910 1917 χώρα
962 1848 1107 1916 παρὰ
1160 1855 1223 1917 τῇ
1272 1849 1447 1899 πόλει·
1502 1848 1662 1916 πενίᾳ
1707 1866 1764 1899 τε
1810 1848 1913 1917 γὰρ

169 1955 212 1987 20
236 1933 458 2004 ἐπαρκεῖ
487 1935 578 1987 καὶ
609 1937 891 1988 πλουσίων
923 1935 1240 2002 ἐπιθυμίαις
1271 1936 1530 2005 ὑπηρετεῖ
1554 1933 1915 2004 ἐκπορίζουσα

234 2023 335 2090 μὲν
373 2031 491 2085 ταῖς
537 2022 762 2077 ἐκείνων
809 2023 1179 2076 ἀπολαύσεσιν
1220 2023 1386 2093 ἀβρά,
1431 2023 1915 2092 παρασκευάζουσα

237 2110 298 2163 δὲ
336 2119 401 2180 τῇ
439 2112 651 2164 τούτων
691 2110 874 2182 ἐνδείᾳ
915 2113 1192 2181 σύμμετρα
1222 2112 1312 2164 καὶ
1351 2120 1461 2164 τῶν
1491 2108 1593 2179 μὲν
1625 2111 1726 2163 οὐκ
1765 2111 1915 2164 ε’λάτ-

145 2211 291 2255 R358
323 2219 449 2267 των,
485 2198 491 2269 Ι
525 2209 636 2252 τῶν
675 2199 736 2252 δὲ
776 2199 841 2252 οὐ
873 2202 1070 2267 μείζων
1101 2198 1412 2268 γιγνομένη.
1473 2200 1532 2251 τὸ
1573 2196 1633 2251 δὲ
1673 2200 1740 2267 δὴ
1777 2201 1913 2253 πάν-

234 2305 344 2339 των
397 2289 762 2356 κομψότατον,
818 2289 901 2341 ὅτι
954 2289 1042 2341 καὶ
1096 2289 1195 2356 τὴν
1240 2290 1436 2341 πενίαν
1482 2289 1741 2350 ποικίλως
1793 2287 1905 2357 μετ’

354 2452 376 2490 1
411 2447 598 2492 πάντων
623 2474 676 2479 -
705 2452 729 2490 2
763 2448 1136 2504 ἰσορροπούντων
1169 2447 1286 2491 citat
1307 2446 1424 2490 Plan
1455 2446 1533 2491 fol.
1561 2451 1640 2490 99
1747 2452 1772 2490 3
1805 2447 1830 2491 ὸ
1861 2447 1912 2491 111

232 2506 284 2549 τὸ
309 2505 358 2549 111
381 2519 456 2549 ras
479 2507 537 2549 1³
596 2510 659 2566 τῷ
691 2507 735 2551 U
849 2511 875 2549 4
899 2507 1059 2562 μηδεὶς
1083 2506 1246 2563 scripsi
1271 2507 1458 2550 aucssore
1483 2505 1639 2549 Gasda
1699 2505 1813 2563 μηδὲ
1846 2503 1913 2557 εἷς

233 2565 432 2621 (μκηὸεεὶς
458 2566 520 2608 Μ
553 2552 667 2621 μηδὲ
700 2565 765 2616 εἰς
798 2566 877 2639 U)
882 2564 991 2608 libri
1016 2566 1106 2608 edd
1133 2568 1140 2622 Ι
1167 2565 1287 2621 ἡμᾶς
1309 2567 1437 2609 θεῶν
1469 2565 1539 2620 ΠΙ
1568 2565 1635 2621 ἀφ
1639 2522 1780 2609 είλετο
1809 2566 1874 2610 Oa
1900 2567 1907 2622 Ι

232 2625 338 2678 περὶ
368 2631 449 2680 τῆς
478 2631 570 2667 τῶν
595 2628 686 2681 (om
710 2626 760 2682 Ι)
794 2621 944 2668 ὠνίων
975 2622 1216 2680 ἀφθονίας
1245 2623 1411 2667 titulus
1441 2623 1490 2666 in
1514 2637 1645 2680 marg
1673 2623 1851 2668 OAPB

235 2686 258 2724 7
283 2680 327 2726 τί
350 2683 517 2727 APIB
650 2687 677 2726 8
703 2683 753 2728 ἐκ
779 2684 864 2728 Mo
999 2688 1023 2726 9
1053 2686 1311 2739 προθυρῶν
1336 2684 1397 2726 Μ
1530 2686 1584 2725 10
1616 2681 1812 2757 ὑπάρχει
1845 2683 1910 2727 Oa

293 2746 348 2784 12
379 2739 424 2785 τί
453 2742 679 2786 ΑΡΜΙΒ
817 2746 871 2786 14
902 2741 1013 2798 μετὰ
1038 2743 1122 2787 Mo
1149 2744 1155 2798 Ι
1189 2741 1378 2786 πάντων
1402 2741 1513 2784 ΒΜ
1641 2745 1694 2785 16
1726 2740 1796 2793 τίς
1818 2742 1864 2786 Β
1896 2741 1904 2797 Ι

231 2799 408 2858 χρῄζων
441 2800 606 2857 scripsi
637 2813 661 2843 e
693 2802 739 2845 P
766 2799 943 2859 χρῄζων
974 2801 1143 2856 reliqui
1173 2800 1282 2844 libri
1314 2799 1405 2844 edd
1526 2805 1580 2844 19
1611 2801 1738 2857 χώρα
1768 2801 1804 2844 Ι
1827 2798 1908 2842 sed

231 2859 296 2914 χώ
327 2859 377 2902 111
407 2872 483 2902 ras
513 2858 584 2902 m²
587 2861 707 2912 ‚Mo
739 2859 821 2902 sed
852 2876 906 2916 γρ
938 2866 1076 2915 μοῖρα
1106 2860 1163 2903 in
1185 2872 1318 2915 marg
1378 2865 1515 2914 μοῖρα
1547 2859 1592 2903 U
1707 2863 1759 2902 21
1785 2856 1908 2916 ἁβρὰ

234 2918 319 2961 Mo
439 2922 494 2961 23
528 2917 584 2973 δὴ
615 2919 662 2962 Ρ
689 2917 735 2961 in
768 2931 902 2975 marg
