2090 3162
0 2044 12 2063 Ἴ
0 2018 4 2025 -
0 1927 5 1963 ΫἾ
0 1641 9 1914 -Ἷ--ψ-φ--γψψ-
0 1576 8 1626 v-

740 102 965 146 LIBANII
996 101 1218 147 ORATIO
1250 102 1313 146 XI
1754 103 1863 155 433

188 242 385 292 detrahi
421 242 594 290 testari
631 257 841 303 possum.
905 242 1197 304 Plerumque
1237 243 1365 291 enim
1394 242 1680 303 Vaticanus,
1714 259 1858 304 quem

188 317 426 365 collatum
462 316 634 375 habeo,
681 331 790 363 cum
827 316 1054 364 Palatino
1103 318 1348 380 congruit,
1401 317 1486 364 ubi
1530 331 1645 364 vero
1694 316 1754 364 ab
1804 332 1860 364 eo

187 390 385 451 recedit,
425 390 524 437 fere
562 389 909 451 improbandus
950 393 1035 438 est.

298 479 505 527 Restant
542 479 697 542 igitur
736 478 819 540 qui
856 479 909 526 in
948 493 1143 526 censum
1180 478 1388 527 vocandi
1427 478 1526 526 sint
1564 478 1773 526 codices:

540 565 798 615 Chisianus
840 560 934 632 (O)

539 640 861 703 Augustanus
902 635 996 707 (A)

539 714 796 762 Palatinus
837 707 923 780 (P)

540 787 752 835 Urbinas
791 804 861 851 gr.
898 789 998 835 126
1042 781 1147 854 (U)

539 861 817 909 Marcianus
858 878 967 923 app.
1000 860 1110 909 XOI
1144 864 1173 907 2
1214 854 1295 927 (Ι)

541 935 818 983 Marcianus
858 952 927 998 gr.
962 936 1064 983 437
1109 928 1222 1001 (M)

541 1009 839 1056 Barberinus
879 1002 974 1075 (B)

541 1082 846 1130 Monacensis
885 1099 954 1145 gr.
991 1083 1093 1130 113
1128 1084 1181 1139 -i-
1219 1084 1318 1130 101
1364 1076 1515 1148 (Mo).

301 1185 398 1242 Qui
436 1185 488 1232 in
521 1185 641 1233 duas
681 1185 936 1233 discedunt
974 1185 1165 1246 classes,
1205 1200 1412 1246 quarum
1450 1187 1584 1247 prior
1615 1179 1692 1251 (b)
1733 1186 1861 1234 codi-

186 1258 324 1307 cibus
374 1257 518 1320 ΟΑΡ,
571 1259 728 1307 altera
773 1252 846 1326 (c)
886 1259 1119 1307 IMBMo
1165 1259 1454 1307 continetur.
1531 1259 1681 1307 Vides
1733 1262 1861 1307 enim

187 1333 420 1381 habentes

652 1435 791 1484 AGP
1430 1435 1664 1483 IMBMo

298 1526 419 1584 441,
449 1525 513 1571 15
595 1523 842 1586 μεσσεύειν
1426 1522 1643 1585 μεσεύειν

299 1599 420 1658 443,
449 1600 512 1645 11
594 1595 746 1660 αὐτῆς
1429 1595 1607 1659 ταύτης

297 1673 420 1732 445,
448 1673 476 1719 7
591 1674 800 1736 λοετροῖς
1424 1672 1645 1735 λουτροῖς

298 1746 419 1806 453,
446 1746 477 1792 3
592 1743 709 1794 λαὸν
1421 1741 1541 1792 λεὼν

298 1819 421 1878 454,
449 1819 514 1866 13
591 1815 674 1866 καὶ
1423 1833 1516 1865 0111.

300 1892 422 1952 455,
450 1892 513 1939 16
591 1889 714 1939 ναὸν
1419 1889 1543 1939 νεὼν

300 1966 422 2026 497,
447 1966 478 2012 4
593 1981 683 2012 om.
1420 1962 1742 2030 κρεμαμέναις

300 2038 422 2099 498,
449 2039 515 2086 18
593 2054 686 2086 0111.
1418 2055 1466 2086 τε

301 2113 421 2172 501,
446 2113 478 2159 4
591 2110 676 2160 τὸν
714 2110 858 2176 λόγον
1423 2117 1521 2158 τῶν
1558 2110 1715 2175 λόγων

244 2236 247 2238 ,
301 2186 422 2247 506,
448 2186 477 2233 6
590 2179 820 2250 Ὀρόντου
1418 2179 1678 2249 Ὀρρόντου

302 2259 422 2321 520,
448 2260 478 2307 3
591 2256 784 2308 ἀπόλλω
1423 2254 1703 2316 ἀπόλλωνος

303 2333 423 2394 523,
450 2334 515 2381 13
593 2331 878 2395 λειπόμενον
1421 2330 1679 2394 λειπόμενα

303 2406 423 2467 524,
450 2409 511 2454 11
593 2402 828 2470 ὠθησμός
1429 2400 1648 2468 ὠθισμός

189 2507 420 2557 lectiones
458 2508 602 2558 modo
640 2508 818 2571 probas
856 2507 1000 2556 modo
1038 2522 1230 2570 pravas,

311 2597 362 2645 U
405 2612 517 2645 vero
575 2597 656 2645 hic
706 2612 900 2659 quoque
958 2595 1287 2644 recensionem
1343 2611 1401 2643 ex
1449 2598 1657 2658 utraque
1707 2597 1860 2644 classe

189 2671 398 2718 mixtam
426 2670 641 2732 praebet.
693 2670 824 2719 Nam
853 2671 911 2717 ut
940 2668 1173 2718 lectiones
1205 2683 1326 2731 quas
1355 2668 1499 2717 modo
1530 2670 1859 2718 recensuimus

188 2743 449 2806 plerasque
487 2746 809 2808 congruenter
846 2741 1092 2792 codicibus
1121 2742 1356 2790 IMBMo
1393 2741 1601 2803 exhibet,
1637 2744 1711 2791 ita
1747 2758 1861 2791 cum

192 2814 331 2865 AOP
347 2817 401 2864 in
429 2816 570 2866 falsis
593 2816 898 2877 lectionibus,
920 2817 978 2863 ut
999 2821 1085 2879 τῆς
1108 2818 1222 2864 ante
1243 2813 1427 2874 πόλεως
1450 2816 1573 2876 441,
1590 2816 1639 2876 6,
1660 2813 1720 2863 οὐ
1744 2818 1859 2863 ante

189 2889 479 2955 τετραχόθεν
511 2891 632 2951 509,
652 2891 716 2939 12
729 2927 743 2951 ,
791 2890 845 2938 111
880 2888 1041 2938 verbis
1078 2886 1161 2937 καὶ
1198 2885 1415 2954 τέταρτος
1452 2885 1479 2938 ὅ
1517 2894 1613 2937 νῦν
1649 2885 1860 2953 ἑστηκώς

278 2979 477 3012 Lunum
499 2979 557 3013 ed.
579 2979 816 3013 Boot-ter.
854 2979 885 3011 1.
901 2986 944 3011 n.
1537 2972 1595 3012 28
