2090 3162
720 97 946 140 LIBANH
976 96 1198 141 ORATIO
1232 97 1294 140 XI
1738 98 1843 150 503

166 235 405 300 θήματα,
458 234 563 284 σὺν
611 233 926 302 εὐφροσύνῃ
966 234 1064 285 τὸν
1112 233 1419 286 ὑπόλοιπον
1470 236 1595 297 ζῶσι
1645 236 1845 301 χρόνον

166 319 382 389 ἔχοντες
436 319 496 372 ἐν
549 330 667 383 ταῖς
724 324 1046 383 συνουσίαις
1101 321 1129 373 ὅ
1185 342 1236 374 τι
1290 323 1582 374 κάλλιστον
1636 320 1846 374 ἑαυτῶν

166 410 507 477 διηγοῦνται,
556 413 766 476 μᾶλλον
806 407 867 462 δὲ
912 410 1088 462 πάντα
1134 410 1315 477 λέγειν
1354 413 1590 479 ἔχοντες,
1643 409 1676 461 ἃ
1715 414 1845 476 λαμ-

163 499 397 566 πρύνειν
450 497 698 566 πέφυκεν
752 500 1078 568 ἄνθρωπον,
1140 500 1204 551 τά
1259 500 1395 551 ἄλλα
1450 509 1709 566 σιγῶντες
1763 498 1844 552 ἑνὶ

163 587 339 657 τούτῳ
391 591 809 654 φιλοτιμοῦνται
859 593 1226 657 θαρροῦντες,
1277 588 1350 650 ὡς
1398 588 1596 640 οὔποτε
1645 589 1846 650 αὐτοὺς
1893 609 1911 640 5

165 676 308 742 λήθη
356 678 719 744 καταλήψεται
766 685 876 728 τῶν
923 678 1100 745 ἔργων
1139 676 1326 738 αὐτοῖς
1365 675 1425 728 ἐν
1463 683 1537 748 τῷ
1577 680 1844 748 καλλίστῳ

163 772 274 815 τῶν
311 763 418 815 ὑπὸ
458 765 555 816 τὸν
593 765 753 831 ἤλιον
794 763 1108 832 ἑστηκότων.
1181 765 1300 816 194.
1340 762 1430 816 καὶ
1469 767 1749 834 θαρροῦσί
1785 785 1845 833 γε

166 853 399 914 εἰκότως.
455 852 482 905 ὁ
510 854 613 921 γὰρ
641 848 707 904 οὗ
739 857 987 905 πλεῖσται
1021 854 1266 921 σύνοδοι,
1298 860 1393 920 τῆς
1425 853 1594 906 αὑτοῦ
1627 855 1846 922 γνώμης

165 941 417 1008 σπουδὴν
457 939 698 1005 ἐνδείξας
738 942 816 1003 εἰς
857 941 1184 1010 ἀείμνηστον
1223 941 1484 994 κατέθετο
1523 943 1624 1010 τὴν
1662 942 1845 1009 δόξαν,

165 1030 370 1097 ὥσπερ,
411 1025 586 1098 οἶμαι,
626 1039 737 1082 τῶν
777 1031 1078 1099 ζωγράφων
1118 1051 1170 1083 οι
1207 1031 1308 1098 τὴν
1347 1033 1552 1099 σοφίαν
1591 1039 1703 1083 τῶν
1739 1050 1846 1099 χει·
1870 1052 1912 1084 ιο

164 1127 278 1187 ρῶν
311 1119 387 1180 εἰς
418 1121 678 1186 Δελφοὺς
719 1118 1032 1180 ἀναθέντες
1094 1117 1184 1171 καὶ
1218 1119 1318 1187 οὐχ
1358 1119 1411 1171 οἱ
1442 1139 1541 1187 μεν
1573 1120 1844 1187 ἄρχοντες,

164 1199 247 1268 οἷς
284 1204 369 1259 ε’νι
409 1207 609 1259 τούτου
643 1216 829 1275 τυχεῖν
861 1206 920 1260 ἐκ
962 1210 1263 1275 βασιλικῶν
1302 1208 1605 1276 χρημάτων,
1644 1207 1846 1278 ῥαδίως

165 1293 251 1346 ἐπὶ
291 1296 386 1356 τὰς
424 1298 747 1363 προσθήκας
784 1303 879 1363 τῆς
916 1298 1123 1358 πόλεως
1161 1297 1438 1364 ὥρμησαν,
1479 1289 1561 1358 οἷς
1601 1296 1662 1348 δὲ
1701 1300 1845 1348 οἴκο-

164 1389 271 1436 θεν
303 1385 335 1451 ἡ
368 1384 600 1452 δαπάνη,
631 1385 770 1453 πρὸς
800 1392 963 1436 τοῦτο
997 1384 1345 1452 ἀπώκνησαν,
1381 1383 1387 1454 Ι
1423 1383 1540 1436 ἀλλ’
1579 1386 1632 1436 οἳ
1663 1391 1756 1452 τῆς
1785 1397 1827 1439 R
1849 1401 1931 1440 337

162 1471 286 1541 περὶ
337 1473 434 1525 τὸν
483 1472 711 1539 βασιλέα
762 1474 1055 1540 γεγόνασιν
1107 1471 1368 1542 ἑταιρίας,
1419 1475 1585 1524 πλείω
1626 1480 1719 1540 τῆς
1759 1471 1843 1524 ε’ν-
1868 1494 1910 1526 15

164 1566 347 1613 ταῦθα
386 1561 709 1623 ἀναλώσεως
756 1561 788 1630 ἢ
827 1569 927 1613 τοῦ
966 1564 1303 1631 προσλαβεῖν
1341 1563 1505 1630 ἔσχον
1544 1564 1717 1629 ἔρωτα
1754 1562 1844 1613 καὶ

161 1652 510 1718 πανταχόθεν
541 1650 710 1718 κάλλη
736 1653 914 1702 λίθων
939 1649 1300 1719 ἀθροίσαντες
1325 1647 1674 1716 ἐγκατέμιξαν
1699 1651 1844 1702 οἰκο-

164 1739 490 1806 δομημάτων
528 1739 697 1806 κάλλη
730 1744 804 1810 τῷ
839 1739 987 1790 ἄστει
1020 1739 1181 1806 δίκην
1220 1737 1464 1806 ἀστέρων
1501 1737 1845 1805 ἐκλάμποντα

165 1827 255 1878 καὶ
307 1829 594 1894 γενόμενοι
642 1835 737 1895 τῆς
786 1828 1251 1895 μεγαλοπρεπείας
1299 1826 1559 1895 ἡγεμόνες
1607 1829 1845 1889 πολλοὺς

163 1913 326 1983 ἔσχον
356 1916 486 1976 τοὺς
525 1914 1010 1983 ἀκολουθήσαντας
1048 1916 1392 1984 λαμπρότερα
1429 1922 1524 1982 τῆς
1563 1915 1845 1982 δυνάμεως
1868 1937 1911 1969 20

166 2002 653 2071 βεβουλευμένους.
733 2003 852 2056 195.
899 2002 1166 2056 ἐνταυθοῖ
1210 2004 1314 2071 γὰρ
1355 2002 1384 2055 ὁ
1422 1999 1523 2069 μὲν
1561 2003 1664 2056 οὐκ
1709 2002 1844 2071 ἐγεί-

165 2111 279 2160 ρων
333 2092 514 2144 οἰκίαν
567 2092 600 2160 ἦ
654 2101 764 2144 τῶν
818 2111 878 2159 γε
932 2092 1116 2145 οὐσῶν
1170 2091 1482 2160 ὠνούμενος
1542 2091 1646 2144 κᾶν
1697 2092 1843 2144 πάνυ

163 2182 389 2250 πλουτῇ,
427 2180 603 2248 μάτην
641 2180 850 2248 ἡγεῖται
888 2183 1164 2247 πλουτεῖν,
1204 2179 1233 2233 ὁ
1267 2180 1328 2232 δὲ
1358 2186 1519 2233 τοῦτο
1550 2177 1652 2248 μὲν
1682 2198 1845 2248 παρε-

284 2315 308 2354 9
341 2310 483 2354 Thuc.
510 2311 530 2353 I
555 2315 624 2364 33,
653 2315 673 2353 1
830 2314 884 2353 10
914 2310 1049 2354 Paus.
1076 2309 1117 2352 X
1142 2315 1197 2354 25
1216 2324 1281 2365 sq.

284 2433 309 2471 2
344 2426 411 2472 ὄτι
445 2429 633 2491 PMMO
783 2432 808 2471 3
849 2430 1099 2485 διηγῶνται
1131 2428 1166 2471 Ι
1200 2427 1282 2471 sed
1322 2445 1355 2471 ω
1399 2427 1448 2470 in
1487 2441 1560 2471 ras
1592 2426 1662 2471 ιιι2
1744 2430 1845 2485 διη-

165 2490 353 2545 γεῖσθαι
378 2490 462 2532 Mo
525 2498 533 2499 ’
582 2493 608 2531 5
641 2488 800 2538 αυτοῖς
826 2488 890 2532 Ca
1010 2491 1036 2531 6
1068 2493 1122 2543 τῆ
1135 2485 1364 2543 καλλίστη
1391 2487 1453 2530 Μ
1570 2491 1594 2530 7
1622 2486 1747 2562 *cffwl
1766 2492 1846 2542 τῆς

164 2546 367 2591 BMoOa
408 2548 414 2605 Ι
457 2563 511 2591 ον
549 2547 600 2590 in
636 2547 719 2590 τὸν
750 2547 799 2590 in
830 2559 905 2589 ras
940 2545 1019 2600 0²,
1058 2546 1211 2603 gravis
1252 2546 1345 2589 add
1375 2560 1398 2590 8
1543 2550 1570 2590 8
1606 2546 1750 2590 αὑτοῦ
1789 2559 1845 2590 ex

166 2665 310 2708 αὐτοῦ
334 2677 436 2708 corr
459 2664 524 2709 1³²
591 2665 736 2709 αὐτοῦ
759 2664 1051 2709 AIMMoGa
1118 2670 1262 2708 αυτοῦ
1294 2663 1338 2708 U
1440 2621 1495 2706 23²
1508 2603 1715 2731 έῗὲἒὲῗιξ
1739 2665 1844 2708 ΜΒ

166 2723 249 2766 sed
279 2723 329 2766 in
359 2722 448 2767 hoc
477 2740 532 2780 γρ
565 2723 755 2779 οἰσήσας
783 2723 834 2766 in
864 2736 998 2779 marg
1019 2723 1089 2766 m²
1150 2722 1342 2778 ἱδρύσας
1366 2722 1451 2767 Mo
1474 2724 1522 2766 et
1541 2739 1606 2796 γρ
1639 2722 1688 2765 in
1711 2735 1845 2780 marg

167 2783 231 2827 Ga
259 2782 265 2840 Ι
291 2781 376 2838 τὴν
401 2795 476 2826 om
500 2782 586 2827 Mo
703 2786 758 2825 15
783 2780 1013 2837 ἑταιρείας
1035 2782 1229 2826 ΒΜΜο
1253 2783 1301 2826 et
1325 2794 1381 2825 ex
1404 2779 1611 2837 ἑταιρίας
1634 2795 1735 2825 corr
1757 2782 1792 2824 I

166 2846 222 2885 20
241 2858 271 2884 α
288 2840 521 2884 alterum
507 2855 559 2884 m
580 2840 1031 2896 ἀκολουθήσαντας
1017 2856 1068 2885 ιιι
1090 2854 1165 2884 ras
1181 2839 1240 2884 1²
1265 2841 1271 2898 Ι
1300 2857 1331 2883 α
1354 2839 1590 2884 alterum
1575 2855 1626 2884 m
1641 2838 1844 2896 λαμπρό-

165 2916 275 2956 τερα
298 2899 349 2943 in
371 2912 447 2943 ras
463 2899 536 2944 P*
587 2898 903 2956 λαμπρότερον
927 2901 972 2946 U
1043 2905 1096 2944 21
1117 2900 1346 2944 ἐνταυθοῖ
1365 2911 1421 2943 ex
1445 2899 1654 2944 ἐνταῦθα
1671 2912 1772 2943 corr
1786 2899 1844 2943 1²
