2090 3162
768 102 994 145 LIBANH
1025 101 1246 147 ORATIO
1280 104 1341 147 XI
1784 107 1892 161 455

210 237 605 306 συνερρύηκεν,
637 236 818 306 ὥσπερ
852 238 928 300 εἴς
959 258 1010 290 τι
1041 241 1244 307 χωρίον
1274 238 1605 309 ἐξῃρημένον
1635 241 1743 293 ὑπὸ
1782 251 1892 294 τῶν

207 328 538 393 κρειττόνων
575 326 651 388 εἰς
681 326 964 395 ὑποδοχὴν
996 326 1219 395 ἀνδρῶν
1258 327 1424 391 ἀξίων
1461 330 1762 397 θαυμάσαι,
1801 332 1890 383 καὶ

209 416 400 483 μόνοις
431 415 563 482 ἡμῖν
595 415 650 466 αἱ
683 414 822 483 ῥίζαι
854 416 918 467 τὰ
948 414 1072 485 παρ’
1107 414 1350 479 ἑκάστοις
1379 419 1549 486 σεμνὰ
1574 421 1891 487 συνήγαγον

209 504 289 565 εἰς
342 504 531 571 ταυτό,
586 504 686 571 τὴν
732 502 987 572 Ἀργείων
1039 507 1395 573 παλαιότητα,
1456 508 1556 574 τὴν
1610 509 1891 575 Κρητικὴν

207 591 493 660 εὐνομίαν,
533 590 692 660 γένος
731 590 790 644 ἐκ
823 593 1056 661 Κύπρου
1087 594 1386 661 βασίλειον,
1426 595 1526 662 τὴν
1558 592 1890 662 Ἱ-Ιρακλέους
1936 617 1955 647 5

206 679 505 750 ἀπορροήν.
567 679 653 733 58.
685 678 995 748 Ἀθήνηθεν
1034 677 1095 733 δὲ
1135 681 1232 743 οὓς
1271 680 1571 749 ἐδεξάμεθα
1610 683 1697 735 καὶ
1738 683 1889 746 ὅσοις

206 770 396 831 ἄλλοις
442 767 781 837 Ἑλληνικοῖς
842 768 1059 836 γε’νεσιν
1120 769 1520 839 άνεκράθημεν,
1582 770 1806 824 ἐπειδὰν
1859 771 1887 824 ὁ

209 859 372 925 λόγος
432 866 627 926 χωρῶν
680 855 760 910 ἐπ’
823 856 1066 920 ἐκείνους
1119 856 1258 928 ἔλθῃ
1305 857 1310 928 Ι
1356 861 1486 921 τοὺς
1545 861 1796 928 χρόνους,
1828 873 1973 916 R291

205 947 496 1015 εἰρήσεται.

319 1034 404 1086 59.
445 1033 595 1087 Νυνὶ
636 1035 698 1087 δὲ
736 1034 973 1102 λεκτέον,
1012 1036 1085 1098 ὡς
1123 1036 1211 1088 καὶ
1250 1044 1313 1106 τῇ
1354 1040 1598 1107 Περσικῇ
1637 1039 1887 1108 βασιλείᾳ
1911 1061 1952 1091 ιο

204 1124 267 1175 τὸ
308 1125 513 1193 χωρίον
553 1123 778 1176 ἄνωθεν
814 1121 1112 1190 αἰδέσιμον.
1173 1124 1263 1176 καὶ
1302 1125 1369 1192 νὴ
1395 1127 1508 1176 Διά
1546 1144 1607 1192 γε
1645 1126 1734 1178 καὶ
1772 1134 1888 1188 τοῖς

208 1215 444 1282 Περσῶν
482 1217 639 1274 θεοῖς
676 1214 899 1280 ἔντιμον
946 1210 1035 1264 καὶ
1081 1214 1188 1279 πρό
1233 1232 1294 1279 γε
1340 1211 1566 1266 ἐκείνων
1597 1211 1886 1282 Ἀσυρίοις.

205 1299 495 1370 ἐστράτευε
542 1297 643 1369 μὲν
690 1301 793 1370 γὰρ
841 1298 923 1353 ἐπ’
971 1305 1259 1368 Αἴγυπτον
1305 1300 1334 1353 ὁ
1375 1302 1696 1370 Καμβύσης,
1743 1303 1885 1370 γυνὴ

204 1389 268 1441 δὲ
307 1389 454 1460 αὐτῷ
485 1390 676 1457 Μερόη
721 1396 916 1458 παρῆν.
994 1389 1371 1456 σκηνώσαντες
1410 1386 1470 1442 δὲ
1510 1389 1570 1441 ἐν
1607 1396 1682 1460 τῷ
1721 1392 1884 1461 τόπῳ,

203 1469 249 1549 ᾧ
281 1479 382 1546 τὴν
423 1477 589 1546 αὑτῆς
628 1479 796 1530 ἔδωκε
835 1479 1212 1546 προσηγορίαν
1250 1478 1282 1546 ἡ
1315 1480 1474 1546 γυνή,
1512 1478 1544 1545 ἡ
1580 1475 1681 1544 μὲν
1711 1474 1885 1545 ἦλθεν
1909 1500 1951 1533 15

203 1567 284 1629 εἰς
322 1567 419 1619 τὸν
458 1568 594 1619 ναὸν
631 1574 726 1634 τῆς
755 1565 1079 1635 Ἀρτέμιδος,
1120 1566 1193 1629 ὡς
1229 1567 1442 1634 θύσειε,
1483 1569 1784 1635 Σεμίραμις
1824 1567 1883 1619 δὲ

202 1656 236 1723 ἡ
286 1653 559 1725 Ἀσυρίων
613 1656 858 1724 ἄρχουσα
911 1664 975 1725 τῇ
1038 1661 1152 1728 θεῷ
1208 1655 1308 1708 τὸν
1361 1655 1504 1708 νεὼν
1562 1654 1883 1723 ἐπεποιήκει.

204 1743 291 1796 60.
348 1744 548 1797 ἰδοῦσα
602 1741 663 1796 δὲ
715 1745 816 1812 τὴν
869 1743 1084 1813 ὀροφὴν
1130 1743 1237 1796 ὑπὸ
1292 1747 1472 1813 γήρως
1523 1742 1885 1813 ἀπειρηκυῖαν

202 1833 378 1885 δεῖται
432 1833 738 1900 Καμβύσου
798 1837 1139 1902 θεραπεῦσαι
1200 1833 1261 1885 τὸ
1321 1833 1640 1900 πεπονηκός.
1730 1830 1760 1885 ὁ
1822 1827 1882 1883 δὲ

202 1922 604 1991 μετεωρότερόν
641 1940 699 1973 τε
736 1921 834 1973 τὸν
872 1921 1014 1974 νεὼν
1052 1915 1186 1990 ἦρεν
1225 1918 1504 1988 ἐπιβολαῖς
1548 1921 1748 1988 τοίχων
1791 1920 1882 1972 καὶ
1906 1940 1950 1973 so

201 2010 496 2079 περιήλασε
534 2011 831 2078 περίβολον
863 2009 1056 2062 ἱκανὸν
1086 2006 1352 2071 δέξασθαι
1381 2008 1708 2077 πανήγυριν,
1746 2007 1881 2077 αὐτῇ

203 2094 267 2150 δὲ
305 2106 368 2168 τῇ
407 2098 713 2167 πανηγύρει
750 2098 993 2164 τοῦνομα
1030 2095 1136 2149 ἀπὸ
1176 2104 1270 2165 τῆς
1308 2096 1570 2165 γυναικὸς
1614 2097 1798 2148 ἔθετο·
1847 2094 1879 2163 ἡ

325 2278 351 2316 2
383 2273 464 2317 καὶ
502 2270 663 2327 μόνοις
692 2298 749 2304 -
781 2276 807 2316 6
839 2270 1079 2326 ἀπορροήν
1118 2270 1235 2315 citat
1272 2269 1389 2313 Plan
1419 2268 1496 2313 fol.
1533 2273 1615 2313 103
1773 2273 1799 2311 3
1830 2267 1879 2312 αἱ

202 2330 328 2390 ῥίζαι
345 2333 537 2389 excepto
554 2348 604 2375 αι
621 2333 682 2388 (2)
701 2344 800 2375 eras
825 2330 868 2375 U
915 2328 1108 2386 ἐρίζεται
1123 2331 1158 2374 Ι
1167 2329 1249 2373 sed
1272 2346 1326 2386 γρ
1352 2327 1402 2372 αἱ
1424 2325 1546 2384 §lgm
1569 2340 1795 2384 suprascr.
1812 2327 1883 2371 m'

264 2397 292 2435 4
322 2390 406 2448 τὴν
430 2391 512 2450 (1)]
537 2399 629 2436 τῶν
656 2390 722 2435 Oa
788 2404 864 2434 om
887 2390 932 2433 B
959 2392 966 2445 Ι
994 2392 1188 2445 Κρητῶν
1211 2387 1327 2431 Plan
1446 2392 1472 2430 5
1496 2387 1548 2431 τὸ
1572 2385 1705 2444 γένος
1728 2385 1881 2430 Gasda

264 2455 290 2494 6
317 2449 454 2502 ὅσους
478 2451 562 2495 Mo
691 2454 744 2493 12
777 2446 1014 2503 ἀσσυρίοις
1035 2448 1190 2493 MoC'a
1213 2447 1303 2491 edd
1374 2445 1570 2490 formam
1593 2447 1880 2489 constantem

201 2510 487 2614 (Jffiitffmm
523 2508 749 2612 lligrozum
786 2506 950 2610 1111ιίἱοῦ
987 2506 1160 2611 ubligue
1177 2505 1378 2622 ‘rgpoffii
1439 2503 1880 2621 ὑτῆιΒοξὲτρΞὶξειΙνσξ

375 2582 400 2612 o
619 2584 685 2629 τῳ
722 2581 798 2612 om
886 2580 912 2611 ο
1133 2582 1220 2609 αυτ
1253 2582 1276 2616 ς
1406 2581 1438 2607 α
1527 2581 1550 2615 ς

202 2671 323 2731 γυνή
353 2685 429 2715 om
462 2672 532 2728 U!
567 2670 592 2715 ὁ
618 2671 703 2716 Mo
832 2674 886 2713 16
918 2669 984 2719 εις
1013 2669 1064 2712 in
1094 2681 1169 2712 ras
1194 2668 1265 2712 P⁸
1334 2638 1396 2717 ’ἕως
1418 2667 1462 2711 A
1535 2667 1596 2718 ὡς
1618 2666 1685 2710 Re
1720 2668 1728 2722 ι
1761 2665 1879 2709 νεὼν

211 2730 547 2776 UIBMMoG'a
579 2732 586 2787 1
613 2727 661 2776 δ’
683 2731 829 2775 ΜΜο
950 2732 1004 2771 17
1029 2725 1262 2783 ἀσσυρίων
1288 2726 1441 2771 MoCa
1463 2725 1555 2769 edd
1608 2724 1664 2768 cf.
1690 2723 1751 2768 ad
1774 2722 1802 2768 l.
1826 2727 1877 2767 12

266 2794 321 2834 18
354 2804 494 2846 „num
523 2789 875 2846 ἀπερρυηκυῖαν
891 2792 948 2831 ‘2⁴‘
979 2786 1142 2830 Iacobs
1299 2789 1354 2828 20
1393 2784 1510 2829 ναὸν
1546 2784 1591 2828 U
1634 2783 1641 2842 Ι
1690 2783 1878 2841 ἐπιβολῇ

203 2851 290 2894 Mo
316 2849 323 2908 Ι
350 2856 442 2893 τῶν
471 2845 639 2906 τοίχων
671 2848 793 2893 ΜοΙ
816 2846 899 2890 sed
928 2845 977 2889 in
1008 2844 1096 2890 hoc
1125 2852 1218 2890 τῶν
1247 2844 1371 2889 inser
1391 2842 1475 2896 m',
1499 2842 1568 2887 Re
1707 2845 1760 2885 21
1794 2840 1879 2898 τὴν

198 2906 465 2965 πανήγυριν
491 2906 556 2952 Ca
698 2910 754 2950 22
784 2910 865 2961 τῆς
895 2918 970 2949 om
997 2904 1062 2949 C'a
