<?xml version="1.0" encoding="UTF-8"?>
<!DOCTYPE html PUBLIC "-//W3C//DTD XHTML 1.0 Transitional//EN"
    "http://www.w3.org/TR/xhtml1/DTD/xhtml1-transitional.dtd">
<html xmlns="http://www.w3.org/1999/xhtml" xml:lang="en" lang="en">
 <head>
  <title>
</title>
<meta http-equiv="Content-Type" content="text/html;charset=utf-8" />
  <meta name='ocr-system' content='tesseract 3.04.00' />
  <meta name='ocr-capabilities' content='ocr_page ocr_carea ocr_par ocr_line ocrx_word'/>
</head>
<body>
  <div class='ocr_page' id='page_1' title='image "./pt2operarecensu01libauoft_0155.png"; bbox 0 0 2090 3162; ppageno 0'>
   <div class='ocr_carea' id='block_1_1' title="bbox 0 2257 48 3162">
    <p class='ocr_par' dir='ltr' id='par_1_1' title="bbox 0 2257 48 3162">
     <span class='ocr_line' id='line_1_1' title="bbox 0 2257 48 3162; baseline 0 0"><span class='ocrx_word' id='word_1_1' title='bbox 0 2257 48 3162; x_wconf 95' lang='lat' dir='ltr'><em> </em></span> 
     </span>
    </p>
   </div>
   <div class='ocr_carea' id='block_1_2' title="bbox 719 110 1844 164">
    <p class='ocr_par' dir='ltr' id='par_1_2' title="bbox 719 110 1844 164">
     <span class='ocr_line' id='line_1_2' title="bbox 719 110 1844 164; baseline 0.01 -11"><span class='ocrx_word' id='word_1_2' title='bbox 719 110 942 154; x_wconf 81' lang='lat' dir='ltr'><strong>LIBANH</strong></span> <span class='ocrx_word' id='word_1_3' title='bbox 975 110 1197 155; x_wconf 85' lang='lat' dir='ltr'><strong>ORATIO</strong></span> <span class='ocrx_word' id='word_1_4' title='bbox 1231 112 1292 154; x_wconf 87' lang='lat' dir='ltr'><em>XI</em></span> <span class='ocrx_word' id='word_1_5' title='bbox 1737 112 1844 164; x_wconf 82' lang='grc'><em>469</em></span> 
     </span>
    </p>
   </div>
   <div class='ocr_carea' id='block_1_3' title="bbox 162 247 1936 2002">
    <p class='ocr_par' dir='ltr' id='par_1_3' title="bbox 162 247 1936 2002">
     <span class='ocr_line' id='line_1_3' title="bbox 165 247 1846 317; baseline -0.001 -17"><span class='ocrx_word' id='word_1_6' title='bbox 165 248 381 316; x_wconf 83' lang='grc' dir='ltr'><em>ἡμερῶν</em></span> <span class='ocrx_word' id='word_1_7' title='bbox 411 248 511 315; x_wconf 83' lang='grc' dir='ltr'><em>τὴν</em></span> <span class='ocrx_word' id='word_1_8' title='bbox 547 249 772 315; x_wconf 79' lang='grc' dir='ltr'><em>ἔρημον·</em></span> <span class='ocrx_word' id='word_1_9' title='bbox 815 247 880 300; x_wconf 83' lang='grc' dir='ltr'><em>οὐ</em></span> <span class='ocrx_word' id='word_1_10' title='bbox 922 247 1024 315; x_wconf 81' lang='grc' dir='ltr'><em>γὰρ</em></span> <span class='ocrx_word' id='word_1_11' title='bbox 1066 248 1140 309; x_wconf 83' lang='grc' dir='ltr'><em>εἰς</em></span> <span class='ocrx_word' id='word_1_12' title='bbox 1179 248 1400 315; x_wconf 80' lang='grc' dir='ltr'><em>τρυφὴν</em></span> <span class='ocrx_word' id='word_1_13' title='bbox 1440 248 1544 317; x_wconf 78' lang='grc' dir='ltr'><em>ἄρα</em></span> <span class='ocrx_word' id='word_1_14' title='bbox 1583 248 1683 315; x_wconf 85' lang='grc' dir='ltr'><em>τὴν</em></span> <span class='ocrx_word' id='word_1_15' title='bbox 1724 247 1846 315; x_wconf 84' lang='grc' dir='ltr'><em>ἡμε-</em></span> 
     </span>
     <span class='ocr_line' id='line_1_4' title="bbox 166 333 1846 407; baseline 0 -19"><span class='ocrx_word' id='word_1_16' title='bbox 166 336 330 405; x_wconf 86' lang='grc' dir='ltr'><em>τέραν</em></span> <span class='ocrx_word' id='word_1_17' title='bbox 369 334 584 407; x_wconf 71' lang='grc' dir='ltr'><em>ᾤκισεν,</em></span> <span class='ocrx_word' id='word_1_18' title='bbox 632 334 748 387; x_wconf 81' lang='grc' dir='ltr'><em>ἀλλ’</em></span> <span class='ocrx_word' id='word_1_19' title='bbox 795 337 872 398; x_wconf 84' lang='grc' dir='ltr'><em>εἰς</em></span> <span class='ocrx_word' id='word_1_20' title='bbox 911 333 1110 403; x_wconf 81' lang='grc' dir='ltr'><em>ἑτέρων</em></span> <span class='ocrx_word' id='word_1_21' title='bbox 1147 337 1359 388; x_wconf 89' lang='grc' dir='ltr'><em>πόλεων</em></span> <span class='ocrx_word' id='word_1_22' title='bbox 1397 335 1670 406; x_wconf 79' lang='grc' dir='ltr'><em>ἀφορμήν,</em></span> <span class='ocrx_word' id='word_1_23' title='bbox 1710 336 1846 388; x_wconf 81' lang='grc' dir='ltr'><em>ὥστε</em></span> 
     </span>
     <span class='ocr_line' id='line_1_5' title="bbox 166 423 1846 493; baseline -0.001 -15"><span class='ocrx_word' id='word_1_24' title='bbox 166 425 286 478; x_wconf 81' lang='grc' dir='ltr'><em>ἀντὶ</em></span> <span class='ocrx_word' id='word_1_25' title='bbox 325 434 436 477; x_wconf 84' lang='grc' dir='ltr'><em>τῶν</em></span> <span class='ocrx_word' id='word_1_26' title='bbox 469 429 732 492; x_wconf 84' lang='grc' dir='ltr'><em>σταθμῶν</em></span> <span class='ocrx_word' id='word_1_27' title='bbox 771 425 826 476; x_wconf 81' lang='grc' dir='ltr'><em>αἱ</em></span> <span class='ocrx_word' id='word_1_28' title='bbox 866 426 1051 486; x_wconf 89' lang='grc' dir='ltr'><em>πόλεις</em></span> <span class='ocrx_word' id='word_1_29' title='bbox 1090 433 1204 486; x_wconf 87' lang='grc' dir='ltr'><em>τοῖς</em></span> <span class='ocrx_word' id='word_1_30' title='bbox 1245 423 1560 492; x_wconf 79' lang='grc' dir='ltr'><em>ὁδοιπόροις</em></span> <span class='ocrx_word' id='word_1_31' title='bbox 1599 426 1846 493; x_wconf 84' lang='grc' dir='ltr'><em>ἔστησαν.</em></span> 
     </span>
     <span class='ocr_line' id='line_1_6' title="bbox 170 513 1848 584; baseline 0.001 -19"><span class='ocrx_word' id='word_1_32' title='bbox 170 515 289 567; x_wconf 90' lang='grc'><strong>101.</strong></span> <span class='ocrx_word' id='word_1_33' title='bbox 331 515 382 567; x_wconf 79' lang='grc' dir='ltr'><em>οἱ</em></span> <span class='ocrx_word' id='word_1_34' title='bbox 415 513 516 582; x_wconf 82' lang='grc' dir='ltr'><em>μὲν</em></span> <span class='ocrx_word' id='word_1_35' title='bbox 548 515 650 582; x_wconf 80' lang='grc' dir='ltr'><em>γὰρ</em></span> <span class='ocrx_word' id='word_1_36' title='bbox 684 514 840 565; x_wconf 81' lang='grc' dir='ltr'><em>ἄλλοι</em></span> <span class='ocrx_word' id='word_1_37' title='bbox 871 515 1116 581; x_wconf 79' lang='grc' dir='ltr'><em>βασιλεῖς</em></span> <span class='ocrx_word' id='word_1_38' title='bbox 1155 519 1228 584; x_wconf 81' lang='grc' dir='ltr'><em>τῷ</em></span> <span class='ocrx_word' id='word_1_39' title='bbox 1263 514 1357 575; x_wconf 84' lang='grc' dir='ltr'><em>τὰς</em></span> <span class='ocrx_word' id='word_1_40' title='bbox 1389 513 1558 576; x_wconf 77' lang='grc' dir='ltr'><em>οὔσας</em></span> <span class='ocrx_word' id='word_1_41' title='bbox 1589 518 1848 566; x_wconf 82' lang='grc' dir='ltr'><em>καθελεῖν</em></span> 
     </span>
     <span class='ocr_line' id='line_1_7' title="bbox 166 601 1912 671; baseline 0 -17"><span class='ocrx_word' id='word_1_42' title='bbox 166 603 556 671; x_wconf 76' lang='grc' dir='ltr'><em>σεμνύνονται,</em></span> <span class='ocrx_word' id='word_1_43' title='bbox 606 603 704 654; x_wconf 92' lang='grc' dir='ltr'><em>τὸν</em></span> <span class='ocrx_word' id='word_1_44' title='bbox 755 601 816 654; x_wconf 77' lang='grc' dir='ltr'><em>δὲ</em></span> <span class='ocrx_word' id='word_1_45' title='bbox 854 602 914 654; x_wconf 91' lang='grc' dir='ltr'><em>τὸ</em></span> <span class='ocrx_word' id='word_1_46' title='bbox 961 603 1057 664; x_wconf 79' lang='grc' dir='ltr'><em>τὰς</em></span> <span class='ocrx_word' id='word_1_47' title='bbox 1102 602 1204 654; x_wconf 84' lang='grc' dir='ltr'><em>οὐκ</em></span> <span class='ocrx_word' id='word_1_48' title='bbox 1244 603 1412 664; x_wconf 80' lang='grc' dir='ltr'><em>οὔσας</em></span> <span class='ocrx_word' id='word_1_49' title='bbox 1451 601 1654 671; x_wconf 81' lang='grc' dir='ltr'><em>ἐγεῖραι</em></span> <span class='ocrx_word' id='word_1_50' title='bbox 1695 604 1846 654; x_wconf 86' lang='grc' dir='ltr'><em>κεκό-</em></span> <span class='ocrx_word' id='word_1_51' title='bbox 1893 623 1912 654; x_wconf 81' lang='lat'>5</span> 
     </span>
     <span class='ocr_line' id='line_1_8' title="bbox 166 687 1848 761; baseline -0.001 -16"><span class='ocrx_word' id='word_1_52' title='bbox 166 708 392 761; x_wconf 89' lang='grc' dir='ltr'><em>σμηκεν·</em></span> <span class='ocrx_word' id='word_1_53' title='bbox 441 691 500 753; x_wconf 90' lang='grc' dir='ltr'><em>ὃς</em></span> <span class='ocrx_word' id='word_1_54' title='bbox 539 691 806 752; x_wconf 86' lang='grc' dir='ltr'><em>τοσαύτας</em></span> <span class='ocrx_word' id='word_1_55' title='bbox 848 687 985 759; x_wconf 72' lang='grc' dir='ltr'><em>ὑπὲρ</em></span> <span class='ocrx_word' id='word_1_56' title='bbox 1026 698 1132 758; x_wconf 77' lang='grc' dir='ltr'><em>γῆν</em></span> <span class='ocrx_word' id='word_1_57' title='bbox 1170 692 1415 759; x_wconf 82' lang='grc' dir='ltr'><em>ἔστησεν,</em></span> <span class='ocrx_word' id='word_1_58' title='bbox 1455 690 1579 742; x_wconf 83' lang='grc' dir='ltr'><em>ὥστ’</em></span> <span class='ocrx_word' id='word_1_59' title='bbox 1626 690 1848 760; x_wconf 78' lang='grc' dir='ltr'><em>ἀρκέσαι</em></span> 
     </span>
     <span class='ocr_line' id='line_1_9' title="bbox 165 778 1849 851; baseline -0.001 -18"><span class='ocrx_word' id='word_1_60' title='bbox 165 782 252 834; x_wconf 86' lang='grc' dir='ltr'><em>καὶ</em></span> <span class='ocrx_word' id='word_1_61' title='bbox 292 782 429 851; x_wconf 91' lang='grc' dir='ltr'><em>πρὸς</em></span> <span class='ocrx_word' id='word_1_62' title='bbox 468 780 790 848; x_wconf 83' lang='grc' dir='ltr'><em>ὁμωνυμίαν</em></span> <span class='ocrx_word' id='word_1_63' title='bbox 820 788 931 831; x_wconf 85' lang='grc' dir='ltr'><em>τῶν</em></span> <span class='ocrx_word' id='word_1_64' title='bbox 963 778 1022 831; x_wconf 86' lang='grc' dir='ltr'><em>ἐν</em></span> <span class='ocrx_word' id='word_1_65' title='bbox 1046 780 1371 849; x_wconf 81' lang='grc' dir='ltr'><em>Μακεδονίᾳ</em></span> <span class='ocrx_word' id='word_1_66' title='bbox 1409 778 1498 832; x_wconf 83' lang='grc' dir='ltr'><em>καὶ</em></span> <span class='ocrx_word' id='word_1_67' title='bbox 1538 780 1675 847; x_wconf 91' lang='grc' dir='ltr'><em>πρὸς</em></span> <span class='ocrx_word' id='word_1_68' title='bbox 1714 779 1849 832; x_wconf 86' lang='grc' dir='ltr'><em>έπω-</em></span> 
     </span>
     <span class='ocr_line' id='line_1_10' title="bbox 165 867 1936 939; baseline 0 -17"><span class='ocrx_word' id='word_1_69' title='bbox 165 872 368 938; x_wconf 90' lang='grc' dir='ltr'><em>νυμίαν</em></span> <span class='ocrx_word' id='word_1_70' title='bbox 403 868 408 939; x_wconf 87' lang='grc' dir='ltr'>Ι</span> <span class='ocrx_word' id='word_1_71' title='bbox 442 878 553 921; x_wconf 86' lang='grc' dir='ltr'><em>τῶν</em></span> <span class='ocrx_word' id='word_1_72' title='bbox 593 867 652 920; x_wconf 84' lang='grc' dir='ltr'><em>ἐν</em></span> <span class='ocrx_word' id='word_1_73' title='bbox 691 876 754 937; x_wconf 79' lang='grc' dir='ltr'><em>τῇ</em></span> <span class='ocrx_word' id='word_1_74' title='bbox 804 871 1095 938; x_wconf 77' lang='grc' dir='ltr'><em>συγγενείᾳ</em></span> <span class='ocrx_word' id='word_1_75' title='bbox 1140 870 1386 936; x_wconf 84' lang='grc' dir='ltr'><em>κλήσεων</em></span> <span class='ocrx_word' id='word_1_76' title='bbox 1423 869 1511 920; x_wconf 88' lang='grc' dir='ltr'><em>καὶ</em></span> <span class='ocrx_word' id='word_1_77' title='bbox 1552 869 1757 932; x_wconf 75' lang='grc' dir='ltr'><em>πολλάς</em></span> <span class='ocrx_word' id='word_1_78' title='bbox 1788 881 1829 924; x_wconf 87' lang='lat' dir='ltr'><strong>R</strong></span> <span class='ocrx_word' id='word_1_79' title='bbox 1852 885 1936 923; x_wconf 72' lang='lat'><em>304</em></span> 
     </span>
     <span class='ocr_line' id='line_1_11' title="bbox 166 955 1849 1027; baseline -0.001 -16"><span class='ocrx_word' id='word_1_80' title='bbox 166 978 226 1026; x_wconf 90' lang='grc' dir='ltr'><em>γε</em></span> <span class='ocrx_word' id='word_1_81' title='bbox 251 966 376 1027; x_wconf 87' lang='grc' dir='ltr'><em>μιᾶς</em></span> <span class='ocrx_word' id='word_1_82' title='bbox 400 959 770 1026; x_wconf 79' lang='grc' dir='ltr'><em>προσηγορίας</em></span> <span class='ocrx_word' id='word_1_83' title='bbox 795 955 1118 1024; x_wconf 80' lang='grc' dir='ltr'><em>ἐπωνύμους</em></span> <span class='ocrx_word' id='word_1_84' title='bbox 1142 956 1381 1024; x_wconf 88' lang='grc' dir='ltr'><em>ὁρᾶσθαι</em></span> <span class='ocrx_word' id='word_1_85' title='bbox 1407 955 1546 1026; x_wconf 85' lang='grc' dir='ltr'><em>[καὶ]</em></span> <span class='ocrx_word' id='word_1_86' title='bbox 1571 956 1699 1009; x_wconf 86' lang='grc' dir='ltr'><em>καθ’</em></span> <span class='ocrx_word' id='word_1_87' title='bbox 1731 956 1849 1010; x_wconf 77' lang='grc' dir='ltr'><em>ἑκά-</em></span> 
     </span>
     <span class='ocr_line' id='line_1_12' title="bbox 163 1044 1915 1115; baseline -0.001 -16"><span class='ocrx_word' id='word_1_88' title='bbox 163 1067 325 1115; x_wconf 92' lang='grc' dir='ltr'><em>τερον</em></span> <span class='ocrx_word' id='word_1_89' title='bbox 362 1045 546 1113; x_wconf 79' lang='grc' dir='ltr'><em>γένος,</em></span> <span class='ocrx_word' id='word_1_90' title='bbox 579 1045 800 1115; x_wconf 83' lang='grc' dir='ltr'><em>ἀνδρῶν</em></span> <span class='ocrx_word' id='word_1_91' title='bbox 838 1044 977 1112; x_wconf 90' lang='grc' dir='ltr'><em>λέγω</em></span> <span class='ocrx_word' id='word_1_92' title='bbox 1016 1045 1105 1097; x_wconf 81' lang='grc' dir='ltr'><em>καὶ</em></span> <span class='ocrx_word' id='word_1_93' title='bbox 1139 1054 1431 1113; x_wconf 86' lang='grc' dir='ltr'><em>γυναικῶν.</em></span> <span class='ocrx_word' id='word_1_94' title='bbox 1498 1045 1615 1098; x_wconf 81' lang='grc'>102.</span> <span class='ocrx_word' id='word_1_95' title='bbox 1656 1047 1704 1098; x_wconf 88' lang='grc' dir='ltr'><em>εἰ</em></span> <span class='ocrx_word' id='word_1_96' title='bbox 1742 1047 1846 1115; x_wconf 81' lang='grc' dir='ltr'><em>γὰρ</em></span> <span class='ocrx_word' id='word_1_97' title='bbox 1872 1067 1915 1098; x_wconf 90' lang='lat'><em>10</em></span> 
     </span>
     <span class='ocr_line' id='line_1_13' title="bbox 164 1131 1850 1204; baseline -0.001 -17"><span class='ocrx_word' id='word_1_98' title='bbox 164 1131 233 1187; x_wconf 80' lang='grc' dir='ltr'><em>αὖ</em></span> <span class='ocrx_word' id='word_1_99' title='bbox 274 1138 489 1204; x_wconf 85' lang='grc' dir='ltr'><em>κρίνειν</em></span> <span class='ocrx_word' id='word_1_100' title='bbox 526 1155 608 1197; x_wconf 90' lang='grc' dir='ltr'><em>τις</em></span> <span class='ocrx_word' id='word_1_101' title='bbox 647 1135 817 1186; x_wconf 84' lang='grc' dir='ltr'><em>αὐτὸν</em></span> <span class='ocrx_word' id='word_1_102' title='bbox 856 1132 1043 1186; x_wconf 79' lang='grc' dir='ltr'><em>ἐθέλοι</em></span> <span class='ocrx_word' id='word_1_103' title='bbox 1081 1134 1215 1203; x_wconf 89' lang='grc' dir='ltr'><em>πρὸς</em></span> <span class='ocrx_word' id='word_1_104' title='bbox 1247 1132 1581 1202; x_wconf 88' lang='grc' dir='ltr'><em>Ἀθηναίους</em></span> <span class='ocrx_word' id='word_1_105' title='bbox 1618 1133 1707 1186; x_wconf 83' lang='grc' dir='ltr'><em>καὶ</em></span> <span class='ocrx_word' id='word_1_106' title='bbox 1739 1137 1850 1186; x_wconf 92' lang='grc' dir='ltr'><em>Μι-</em></span> 
     </span>
     <span class='ocr_line' id='line_1_14' title="bbox 164 1221 1851 1292; baseline -0.001 -16"><span class='ocrx_word' id='word_1_107' title='bbox 164 1226 415 1292; x_wconf 87' lang='grc' dir='ltr'><em>λησίους,</em></span> <span class='ocrx_word' id='word_1_108' title='bbox 454 1226 511 1276; x_wconf 83' lang='grc' dir='ltr'><em>οἳ</em></span> <span class='ocrx_word' id='word_1_109' title='bbox 546 1225 800 1284; x_wconf 85' lang='grc' dir='ltr'><em>πλείστας</em></span> <span class='ocrx_word' id='word_1_110' title='bbox 840 1221 1092 1284; x_wconf 83' lang='grc' dir='ltr'><em>ἀποικίας</em></span> <span class='ocrx_word' id='word_1_111' title='bbox 1131 1227 1336 1275; x_wconf 82' lang='grc' dir='ltr'><em>στεῖλαι</em></span> <span class='ocrx_word' id='word_1_112' title='bbox 1377 1223 1631 1291; x_wconf 86' lang='grc' dir='ltr'><em>δοκοῦσι,</em></span> <span class='ocrx_word' id='word_1_113' title='bbox 1670 1224 1851 1275; x_wconf 83' lang='grc' dir='ltr'><em>πλειό-</em></span> 
     </span>
     <span class='ocr_line' id='line_1_15' title="bbox 163 1309 1851 1382; baseline -0.001 -17"><span class='ocrx_word' id='word_1_114' title='bbox 163 1333 278 1365; x_wconf 90' lang='grc' dir='ltr'><em>νων</em></span> <span class='ocrx_word' id='word_1_115' title='bbox 309 1310 356 1363; x_wconf 86' lang='grc' dir='ltr'><em>τ’</em></span> <span class='ocrx_word' id='word_1_116' title='bbox 386 1311 455 1364; x_wconf 79' lang='grc' dir='ltr'><em>ἂν</em></span> <span class='ocrx_word' id='word_1_117' title='bbox 487 1312 727 1380; x_wconf 84' lang='grc' dir='ltr'><em>οἰκιστὴς</em></span> <span class='ocrx_word' id='word_1_118' title='bbox 759 1313 957 1378; x_wconf 83' lang='grc' dir='ltr'><em>φανείη</em></span> <span class='ocrx_word' id='word_1_119' title='bbox 990 1309 1081 1363; x_wconf 84' lang='grc' dir='ltr'><em>καὶ</em></span> <span class='ocrx_word' id='word_1_120' title='bbox 1112 1317 1186 1382; x_wconf 83' lang='grc' dir='ltr'><em>τῷ</em></span> <span class='ocrx_word' id='word_1_121' title='bbox 1213 1309 1342 1363; x_wconf 87' lang='grc' dir='ltr'><em>καθ’</em></span> <span class='ocrx_word' id='word_1_122' title='bbox 1373 1310 1606 1379; x_wconf 82' lang='grc' dir='ltr'><em>ἑκάστην</em></span> <span class='ocrx_word' id='word_1_123' title='bbox 1629 1310 1851 1379; x_wconf 81' lang='grc' dir='ltr'><em>μεγέθει</em></span> 
     </span>
     <span class='ocr_line' id='line_1_16' title="bbox 163 1394 1849 1468; baseline -0.001 -15"><span class='ocrx_word' id='word_1_124' title='bbox 163 1409 431 1453; x_wconf 85' lang='grc' dir='ltr'><em>τοσοῦτον</em></span> <span class='ocrx_word' id='word_1_125' title='bbox 470 1409 658 1468; x_wconf 84' lang='grc' dir='ltr'><em>νικῶν,</em></span> <span class='ocrx_word' id='word_1_126' title='bbox 711 1400 846 1452; x_wconf 82' lang='grc' dir='ltr'><em>ὥστε</em></span> <span class='ocrx_word' id='word_1_127' title='bbox 897 1402 1028 1466; x_wconf 89' lang='grc' dir='ltr'><em>μίαν</em></span> <span class='ocrx_word' id='word_1_128' title='bbox 1077 1400 1342 1468; x_wconf 81' lang='grc' dir='ltr'><em>ἡντινοῦν</em></span> <span class='ocrx_word' id='word_1_129' title='bbox 1393 1399 1655 1462; x_wconf 79' lang='grc' dir='ltr'><em>ἀνταξίαν</em></span> <span class='ocrx_word' id='word_1_130' title='bbox 1707 1394 1849 1453; x_wconf 87' lang='grc' dir='ltr'><em>εἶναι</em></span> 
     </span>
     <span class='ocr_line' id='line_1_17' title="bbox 165 1487 1916 1556; baseline -0.001 -14"><span class='ocrx_word' id='word_1_131' title='bbox 165 1489 310 1542; x_wconf 88' lang='grc' dir='ltr'><em>δέκα.</em></span> <span class='ocrx_word' id='word_1_132' title='bbox 373 1487 545 1552; x_wconf 79' lang='grc' dir='ltr'><em>ἔξεστι</em></span> <span class='ocrx_word' id='word_1_133' title='bbox 584 1488 685 1556; x_wconf 79' lang='grc' dir='ltr'><em>μὲν</em></span> <span class='ocrx_word' id='word_1_134' title='bbox 725 1487 933 1540; x_wconf 82' lang='grc' dir='ltr'><em>ἐπιόντι</em></span> <span class='ocrx_word' id='word_1_135' title='bbox 977 1489 1247 1556; x_wconf 87' lang='grc' dir='ltr'><em>Φοινίκην</em></span> <span class='ocrx_word' id='word_1_136' title='bbox 1277 1490 1372 1550; x_wconf 84' lang='grc' dir='ltr'><em>τὰς</em></span> <span class='ocrx_word' id='word_1_137' title='bbox 1412 1487 1628 1541; x_wconf 89' lang='grc' dir='ltr'><em>ἐκείνου</em></span> <span class='ocrx_word' id='word_1_138' title='bbox 1667 1491 1850 1551; x_wconf 89' lang='grc' dir='ltr'><em>πόλεις</em></span> <span class='ocrx_word' id='word_1_139' title='bbox 1874 1509 1916 1542; x_wconf 87' lang='lat'><em>15</em></span> 
     </span>
     <span class='ocr_line' id='line_1_18' title="bbox 164 1574 1851 1647; baseline -0.001 -16"><span class='ocrx_word' id='word_1_140' title='bbox 164 1579 319 1647; x_wconf 85' lang='grc' dir='ltr'><em>ὁρᾶν,</em></span> <span class='ocrx_word' id='word_1_141' title='bbox 370 1575 542 1640; x_wconf 81' lang='grc' dir='ltr'><em>ἔξεστι</em></span> <span class='ocrx_word' id='word_1_142' title='bbox 593 1574 652 1629; x_wconf 75' lang='grc' dir='ltr'><em>δὲ</em></span> <span class='ocrx_word' id='word_1_143' title='bbox 704 1575 915 1630; x_wconf 80' lang='grc' dir='ltr'><em>ἐπιόντι</em></span> <span class='ocrx_word' id='word_1_144' title='bbox 956 1579 1174 1646; x_wconf 88' lang='grc' dir='ltr'><em>Συρίαν</em></span> <span class='ocrx_word' id='word_1_145' title='bbox 1223 1577 1450 1645; x_wconf 80' lang='grc' dir='ltr'><em>ταυτηνὶ</em></span> <span class='ocrx_word' id='word_1_146' title='bbox 1489 1579 1582 1639; x_wconf 83' lang='grc' dir='ltr'><em>τὰς</em></span> <span class='ocrx_word' id='word_1_147' title='bbox 1635 1575 1851 1630; x_wconf 87' lang='grc' dir='ltr'><em>ἐκείνου</em></span> 
     </span>
     <span class='ocr_line' id='line_1_19' title="bbox 162 1663 1849 1734; baseline 0 -15"><span class='ocrx_word' id='word_1_148' title='bbox 162 1667 251 1720; x_wconf 86' lang='grc' dir='ltr'><em>καὶ</em></span> <span class='ocrx_word' id='word_1_149' title='bbox 291 1668 515 1728; x_wconf 87' lang='grc' dir='ltr'><em>πλείους</em></span> <span class='ocrx_word' id='word_1_150' title='bbox 552 1664 643 1718; x_wconf 87' lang='grc' dir='ltr'><em>καὶ</em></span> <span class='ocrx_word' id='word_1_151' title='bbox 682 1668 900 1734; x_wconf 82' lang='grc' dir='ltr'><em>μείζους</em></span> <span class='ocrx_word' id='word_1_152' title='bbox 939 1665 1091 1732; x_wconf 86' lang='grc' dir='ltr'><em>ὁρᾶν.</em></span> <span class='ocrx_word' id='word_1_153' title='bbox 1157 1665 1277 1718; x_wconf 88' lang='lat'>103.</span> <span class='ocrx_word' id='word_1_154' title='bbox 1317 1664 1547 1729; x_wconf 84' lang='grc' dir='ltr'><em>ἐξέτεινε</em></span> <span class='ocrx_word' id='word_1_155' title='bbox 1588 1663 1649 1718; x_wconf 75' lang='grc' dir='ltr'><em>δὲ</em></span> <span class='ocrx_word' id='word_1_156' title='bbox 1686 1673 1849 1719; x_wconf 86' lang='grc' dir='ltr'><em>τοῦτο</em></span> 
     </span>
     <span class='ocr_line' id='line_1_20' title="bbox 163 1752 1851 1823; baseline 0 -16"><span class='ocrx_word' id='word_1_157' title='bbox 163 1756 223 1808; x_wconf 90' lang='grc' dir='ltr'><em>τὸ</em></span> <span class='ocrx_word' id='word_1_158' title='bbox 271 1755 440 1807; x_wconf 88' lang='grc' dir='ltr'><em>καλὸν</em></span> <span class='ocrx_word' id='word_1_159' title='bbox 479 1753 578 1816; x_wconf 81' lang='grc' dir='ltr'><em>ἕως</em></span> <span class='ocrx_word' id='word_1_160' title='bbox 617 1753 920 1823; x_wconf 81' lang='grc' dir='ltr'><em>Εὐφράτου</em></span> <span class='ocrx_word' id='word_1_161' title='bbox 967 1754 1055 1806; x_wconf 86' lang='grc' dir='ltr'><em>καὶ</em></span> <span class='ocrx_word' id='word_1_162' title='bbox 1104 1756 1392 1822; x_wconf 84' lang='grc' dir='ltr'><em>Τίγρητος,</em></span> <span class='ocrx_word' id='word_1_163' title='bbox 1436 1755 1752 1823; x_wconf 87' lang='grc' dir='ltr'><em>περιλαβὼν</em></span> <span class='ocrx_word' id='word_1_164' title='bbox 1791 1752 1851 1807; x_wconf 77' lang='grc' dir='ltr'><em>δὲ</em></span> 
     </span>
     <span class='ocr_line' id='line_1_21' title="bbox 164 1841 1851 1914; baseline 0 -19"><span class='ocrx_word' id='word_1_165' title='bbox 164 1845 474 1911; x_wconf 82' lang='grc' dir='ltr'><em>Βαβυλῶνα</em></span> <span class='ocrx_word' id='word_1_166' title='bbox 532 1843 723 1895; x_wconf 86' lang='grc' dir='ltr'><em>πόλεσι</em></span> <span class='ocrx_word' id='word_1_167' title='bbox 783 1844 1132 1911; x_wconf 80' lang='grc' dir='ltr'><em>πανταχόθεν</em></span> <span class='ocrx_word' id='word_1_168' title='bbox 1193 1841 1576 1912; x_wconf 85' lang='grc' dir='ltr'><em>ἐγκατέσπειρε</em></span> <span class='ocrx_word' id='word_1_169' title='bbox 1637 1844 1724 1896; x_wconf 82' lang='grc' dir='ltr'><em>καὶ</em></span> <span class='ocrx_word' id='word_1_170' title='bbox 1786 1851 1851 1914; x_wconf 77' lang='grc' dir='ltr'><em>τῇ</em></span> 
     </span>
     <span class='ocr_line' id='line_1_22' title="bbox 167 1929 1916 2002; baseline 0.001 -19"><span class='ocrx_word' id='word_1_171' title='bbox 167 1932 401 1999; x_wconf 80' lang='grc' dir='ltr'><em>Περσίδι</em></span> <span class='ocrx_word' id='word_1_172' title='bbox 440 1931 529 1983; x_wconf 80' lang='grc' dir='ltr'><em>καὶ</em></span> <span class='ocrx_word' id='word_1_173' title='bbox 569 1931 708 1993; x_wconf 82' lang='grc' dir='ltr'><em>ὅλως</em></span> <span class='ocrx_word' id='word_1_174' title='bbox 747 1929 950 1983; x_wconf 86' lang='grc' dir='ltr'><em>οὐδένα</em></span> <span class='ocrx_word' id='word_1_175' title='bbox 988 1932 1161 1983; x_wconf 92' lang='grc' dir='ltr'><em>τόπον</em></span> <span class='ocrx_word' id='word_1_176' title='bbox 1192 1929 1504 1999; x_wconf 80' lang='grc' dir='ltr'><em>ἐπιτήδειον</em></span> <span class='ocrx_word' id='word_1_177' title='bbox 1537 1929 1802 1994; x_wconf 83' lang='grc' dir='ltr'><em>δέξασθαι</em></span> <span class='ocrx_word' id='word_1_178' title='bbox 1839 1932 1842 2002; x_wconf 63' lang='lat'>1</span> <span class='ocrx_word' id='word_1_179' title='bbox 1873 1953 1916 1985; x_wconf 78' lang='lat'><em>20</em></span> 
     </span>
    </p>
   </div>
   <div class='ocr_carea' id='block_1_4' title="bbox 173 2022 518 2027">
    <p class='ocr_par' dir='ltr' id='par_1_4' title="bbox 173 2022 518 2027">
     <span class='ocr_line' id='line_1_23' title="bbox 173 2022 518 2027; baseline 0 0"><span class='ocrx_word' id='word_1_180' title='bbox 173 2022 518 2027; x_wconf 95' lang='lat' dir='ltr'><em> </em></span> 
     </span>
    </p>
   </div>
   <div class='ocr_carea' id='block_1_5' title="bbox 163 2060 1849 2165">
    <p class='ocr_par' dir='ltr' id='par_1_5' title="bbox 163 2060 1849 2165">
     <span class='ocr_line' id='line_1_24' title="bbox 283 2060 1849 2117; baseline 0.001 -12"><span class='ocrx_word' id='word_1_181' title='bbox 283 2067 392 2117; x_wconf 80' lang='lat' dir='ltr'>6sq.</span> <span class='ocrx_word' id='word_1_182' title='bbox 425 2062 623 2105; x_wconf 81' lang='lat' dir='ltr'><strong>Pausan.</strong></span> <span class='ocrx_word' id='word_1_183' title='bbox 655 2061 870 2104; x_wconf 79' lang='lat' dir='ltr'><strong>Damaso.</strong></span> <span class='ocrx_word' id='word_1_184' title='bbox 905 2061 1031 2117; x_wconf 86' lang='lat' dir='ltr'>apud</span> <span class='ocrx_word' id='word_1_185' title='bbox 1061 2060 1219 2104; x_wconf 82' lang='lat' dir='ltr'>Malal.</span> <span class='ocrx_word' id='word_1_186' title='bbox 1255 2065 1354 2114; x_wconf 85' lang='lat'>203,</span> <span class='ocrx_word' id='word_1_187' title='bbox 1378 2066 1432 2104; x_wconf 82' lang='lat'><em>22</em></span> <span class='ocrx_word' id='word_1_188' title='bbox 1565 2066 1616 2105; x_wconf 92' lang='lat'><em>11</em></span> <span class='ocrx_word' id='word_1_189' title='bbox 1653 2061 1753 2106; x_wconf 87' lang='lat' dir='ltr'><strong>Sen.</strong></span> <span class='ocrx_word' id='word_1_190' title='bbox 1789 2063 1849 2106; x_wconf 78' lang='lat' dir='ltr'><em>ad</em></span> 
     </span>
     <span class='ocr_line' id='line_1_25' title="bbox 163 2119 959 2165; baseline -0.001 -2"><span class='ocrx_word' id='word_1_191' title='bbox 163 2121 293 2165; x_wconf 85' lang='lat' dir='ltr'><strong>Helv.</strong></span> <span class='ocrx_word' id='word_1_192' title='bbox 319 2121 403 2165; x_wconf 86' lang='lat' dir='ltr'><em>VH</em></span> <span class='ocrx_word' id='word_1_193' title='bbox 427 2125 452 2165; x_wconf 81' lang='lat'><strong>2</strong></span> <span class='ocrx_word' id='word_1_194' title='bbox 516 2120 635 2164; x_wconf 86' lang='lat' dir='ltr'>Plin.</span> <span class='ocrx_word' id='word_1_195' title='bbox 668 2135 711 2163; x_wconf 88' lang='lat' dir='ltr'><em>n.</em></span> <span class='ocrx_word' id='word_1_196' title='bbox 738 2120 781 2163; x_wconf 92' lang='lat' dir='ltr'><em>h.</em></span> <span class='ocrx_word' id='word_1_197' title='bbox 808 2119 850 2163; x_wconf 91' lang='lat' dir='ltr'><strong>V</strong></span> <span class='ocrx_word' id='word_1_198' title='bbox 877 2124 959 2163; x_wconf 85' lang='lat'><em>112</em></span> 
     </span>
    </p>
   </div>
   <div class='ocr_carea' id='block_1_6' title="bbox 223 2200 518 2205">
    <p class='ocr_par' dir='ltr' id='par_1_6' title="bbox 223 2200 518 2205">
     <span class='ocr_line' id='line_1_26' title="bbox 223 2200 518 2205; baseline 0 0"><span class='ocrx_word' id='word_1_199' title='bbox 223 2200 518 2205; x_wconf 95' lang='lat' dir='ltr'><em> </em></span> 
     </span>
    </p>
   </div>
   <div class='ocr_carea' id='block_1_7' title="bbox 253 2236 1851 2296">
    <p class='ocr_par' dir='ltr' id='par_1_7' title="bbox 253 2236 1851 2296">
     <span class='ocr_line' id='line_1_27' title="bbox 253 2236 1851 2296; baseline -0.001 -13"><span class='ocrx_word' id='word_1_200' title='bbox 253 2244 255 2246; x_wconf 79' lang='grc'><strong>’</strong></span> <span class='ocrx_word' id='word_1_201' title='bbox 284 2246 306 2283; x_wconf 96' lang='grc'>1</span> <span class='ocrx_word' id='word_1_202' title='bbox 332 2255 443 2283; x_wconf 87' lang='lat' dir='ltr'><em>num</em></span> <span class='ocrx_word' id='word_1_203' title='bbox 467 2238 698 2296; x_wconf 84' lang='grc' dir='ltr'><em>ἀνήμερον</em></span> <span class='ocrx_word' id='word_1_204' title='bbox 721 2240 776 2282; x_wconf 77' lang='lat' dir='ltr'><em>ut</em></span> <span class='ocrx_word' id='word_1_205' title='bbox 786 2237 953 2282; x_wconf 77' lang='lat' dir='ltr'><strong>Aeech.</strong></span> <span class='ocrx_word' id='word_1_206' title='bbox 973 2237 1103 2281; x_wconf 87' lang='lat' dir='ltr'><strong>Eum.</strong></span> <span class='ocrx_word' id='word_1_207' title='bbox 1126 2243 1180 2282; x_wconf 87' lang='grc'><em>14</em></span> <span class='ocrx_word' id='word_1_208' title='bbox 1203 2236 1358 2296; x_wconf 84' lang='grc' dir='ltr'><em>χθόνα</em></span> <span class='ocrx_word' id='word_1_209' title='bbox 1383 2238 1618 2294; x_wconf 83' lang='grc' dir='ltr'><em>ἀνήμερον</em></span> <span class='ocrx_word' id='word_1_210' title='bbox 1641 2237 1851 2288; x_wconf 80' lang='grc' dir='ltr'><em>τιθέντες</em></span> 
     </span>
    </p>
   </div>
   <div class='ocr_carea' id='block_1_8' title="bbox 163 2314 1846 2443">
    <p class='ocr_par' dir='ltr' id='par_1_8' title="bbox 163 2314 1846 2443">
     <span class='ocr_line' id='line_1_28' title="bbox 163 2314 1846 2385; baseline -0.001 -12"><span class='ocrx_word' id='word_1_211' title='bbox 163 2327 461 2385; x_wconf 80' lang='grc' dir='ltr'><em>ἡμερωμένην</em></span> <span class='ocrx_word' id='word_1_212' title='bbox 478 2333 498 2372; x_wconf 75' lang='lat'><em>⁸?</em></span> <span class='ocrx_word' id='word_1_213' title='bbox 530 2329 580 2371; x_wconf 76' lang='lat' dir='ltr'><em>at</em></span> <span class='ocrx_word' id='word_1_214' title='bbox 612 2326 668 2371; x_wconf 84' lang='lat' dir='ltr'><em>cf.</em></span> <span class='ocrx_word' id='word_1_215' title='bbox 693 2326 714 2370; x_wconf 93' lang='lat' dir='ltr'>I</span> <span class='ocrx_word' id='word_1_216' title='bbox 738 2331 839 2380; x_wconf 81' lang='lat'>412,</span> <span class='ocrx_word' id='word_1_217' title='bbox 858 2331 883 2369; x_wconf 89' lang='grc'><strong>3</strong></span> <span class='ocrx_word' id='word_1_218' title='bbox 900 2326 943 2369; x_wconf 85' lang='lat' dir='ltr'><strong>R</strong></span> <span class='ocrx_word' id='word_1_219' title='bbox 969 2328 975 2382; x_wconf 92' lang='grc' dir='ltr'>Ι</span> <span class='ocrx_word' id='word_1_220' title='bbox 1002 2314 1183 2382; x_wconf 55' lang='grc' dir='ltr'><em>τρόφὴν</em></span> <span class='ocrx_word' id='word_1_221' title='bbox 1209 2326 1294 2370; x_wconf 88' lang='lat' dir='ltr'><em>Mo</em></span> <span class='ocrx_word' id='word_1_222' title='bbox 1427 2330 1453 2369; x_wconf 86' lang='lat'><strong>3</strong></span> <span class='ocrx_word' id='word_1_223' title='bbox 1484 2334 1575 2370; x_wconf 87' lang='grc' dir='ltr'><em>τῶν</em></span> <span class='ocrx_word' id='word_1_224' title='bbox 1607 2326 1732 2370; x_wconf 84' lang='lat' dir='ltr'>inser</span> <span class='ocrx_word' id='word_1_225' title='bbox 1754 2326 1812 2371; x_wconf 81' lang='lat'><em>1²</em></span> <span class='ocrx_word' id='word_1_226' title='bbox 1839 2329 1846 2384; x_wconf 84' lang='grc' dir='ltr'>Ι</span> 
     </span>
     <span class='ocr_line' id='line_1_29' title="bbox 163 2385 1791 2443; baseline -0.001 -11"><span class='ocrx_word' id='word_1_227' title='bbox 163 2386 446 2443; x_wconf 81' lang='grc' dir='ltr'><em>κατέστησαν</em></span> <span class='ocrx_word' id='word_1_228' title='bbox 477 2387 587 2431; x_wconf 89' lang='grc' dir='ltr'><em>ΒΜ</em></span> <span class='ocrx_word' id='word_1_229' title='bbox 615 2386 684 2430; x_wconf 81' lang='lat' dir='ltr'><em>Re</em></span> <span class='ocrx_word' id='word_1_230' title='bbox 723 2387 771 2429; x_wconf 77' lang='lat' dir='ltr'><em>et</em></span> <span class='ocrx_word' id='word_1_231' title='bbox 806 2386 856 2429; x_wconf 92' lang='lat' dir='ltr'><em>in</em></span> <span class='ocrx_word' id='word_1_232' title='bbox 895 2399 1029 2441; x_wconf 82' lang='lat' dir='ltr'>marg</span> <span class='ocrx_word' id='word_1_233' title='bbox 1061 2385 1168 2430; x_wconf 85' lang='lat' dir='ltr'><em>M0²</em></span> <span class='ocrx_word' id='word_1_234' title='bbox 1200 2387 1248 2429; x_wconf 76' lang='lat' dir='ltr'><em>et</em></span> <span class='ocrx_word' id='word_1_235' title='bbox 1279 2398 1334 2428; x_wconf 82' lang='lat' dir='ltr'><em>ex</em></span> <span class='ocrx_word' id='word_1_236' title='bbox 1375 2385 1570 2442; x_wconf 79' lang='grc' dir='ltr'><em>ἔστησαν</em></span> <span class='ocrx_word' id='word_1_237' title='bbox 1603 2399 1703 2429; x_wconf 86' lang='lat' dir='ltr'>corr</span> <span class='ocrx_word' id='word_1_238' title='bbox 1734 2386 1791 2430; x_wconf 80' lang='lat'><em>1²</em></span> 
     </span>
    </p>
   </div>
   <div class='ocr_carea' id='block_1_9' title="bbox 164 2446 1844 2533">
    <p class='ocr_par' dir='ltr' id='par_1_9' title="bbox 164 2446 1844 2533">
     <span class='ocr_line' id='line_1_30' title="bbox 164 2446 1844 2533; baseline -0.001 -13"><span class='ocrx_word' id='word_1_239' title='bbox 164 2476 360 2532; x_wconf 73' lang='grc' dir='ltr'><em>ἔστησαν</em></span> <span class='ocrx_word' id='word_1_240' title='bbox 390 2476 494 2521; x_wconf 88' lang='lat' dir='ltr'><em>AU</em></span> <span class='ocrx_word' id='word_1_241' title='bbox 627 2480 655 2519; x_wconf 84' lang='lat'>4</span> <span class='ocrx_word' id='word_1_242' title='bbox 685 2474 736 2518; x_wconf 88' lang='grc' dir='ltr'><em>τὸ</em></span> <span class='ocrx_word' id='word_1_243' title='bbox 777 2474 822 2519; x_wconf 89' lang='lat' dir='ltr'><em>U</em></span> <span class='ocrx_word' id='word_1_244' title='bbox 959 2478 982 2517; x_wconf 84' lang='lat'><strong>7</strong></span> <span class='ocrx_word' id='word_1_245' title='bbox 1017 2446 1290 2531; x_wconf 55' lang='grc' dir='ltr'><em>ὁμωνυμίὲιῗ</em></span> <span class='ocrx_word' id='word_1_246' title='bbox 1322 2474 1384 2516; x_wconf 91' lang='grc' dir='ltr'><strong>Μ</strong></span> <span class='ocrx_word' id='word_1_247' title='bbox 1463 2471 1705 2531; x_wconf 84' lang='grc' dir='ltr'><em>ὁμωνυμία</em></span> <span class='ocrx_word' id='word_1_248' title='bbox 1739 2474 1805 2518; x_wconf 82' lang='lat' dir='ltr'><em>Ga</em></span> <span class='ocrx_word' id='word_1_249' title='bbox 1839 2476 1844 2533; x_wconf 87' lang='grc' dir='ltr'>Ι</span> 
     </span>
    </p>
   </div>
   <div class='ocr_carea' id='block_1_10' title="bbox 163 2537 1848 2620">
    <p class='ocr_par' dir='ltr' id='par_1_10' title="bbox 163 2537 1848 2620">
     <span class='ocr_line' id='line_1_31' title="bbox 163 2537 1848 2620; baseline 0 -12"><span class='ocrx_word' id='word_1_250' title='bbox 163 2537 431 2620; x_wconf 53' lang='grc' dir='ltr'><em>ἐπωνυμίέἔ</em></span> <span class='ocrx_word' id='word_1_251' title='bbox 458 2565 519 2608; x_wconf 88' lang='grc' dir='ltr'>Μ</span> <span class='ocrx_word' id='word_1_252' title='bbox 587 2560 855 2620; x_wconf 81' lang='grc' dir='ltr'><em>ἐπωνυμίασ</em></span> <span class='ocrx_word' id='word_1_253' title='bbox 886 2563 932 2606; x_wconf 88' lang='grc' dir='ltr'><em>Β</em></span> <span class='ocrx_word' id='word_1_254' title='bbox 973 2563 1020 2606; x_wconf 72' lang='lat' dir='ltr'><em>et</em></span> <span class='ocrx_word' id='word_1_255' title='bbox 1058 2564 1103 2618; x_wconf 87' lang='grc' dir='ltr'><em>(σ</em></span> <span class='ocrx_word' id='word_1_256' title='bbox 1134 2576 1159 2606; x_wconf 84' lang='lat' dir='ltr'>e</span> <span class='ocrx_word' id='word_1_257' title='bbox 1191 2579 1218 2607; x_wconf 88' lang='grc' dir='ltr'><em>ν</em></span> <span class='ocrx_word' id='word_1_258' title='bbox 1258 2563 1375 2619; x_wconf 82' lang='lat' dir='ltr'>corr)</span> <span class='ocrx_word' id='word_1_259' title='bbox 1405 2562 1441 2605; x_wconf 93' lang='lat' dir='ltr'><strong><em>I</em></strong></span> <span class='ocrx_word' id='word_1_260' title='bbox 1509 2560 1749 2618; x_wconf 80' lang='grc' dir='ltr'><em>ἐπωνυμία</em></span> <span class='ocrx_word' id='word_1_261' title='bbox 1782 2563 1848 2608; x_wconf 82' lang='lat' dir='ltr'><em>Ga</em></span> 
     </span>
    </p>
   </div>
   <div class='ocr_carea' id='block_1_11' title="bbox 161 2619 1848 2972">
    <p class='ocr_par' dir='ltr' id='par_1_11' title="bbox 224 2619 1847 2680">
     <span class='ocr_line' id='line_1_32' title="bbox 224 2619 1847 2680; baseline -0.002 -13"><span class='ocrx_word' id='word_1_262' title='bbox 224 2628 248 2667; x_wconf 90' lang='lat'>9</span> <span class='ocrx_word' id='word_1_263' title='bbox 267 2623 346 2666; x_wconf 85' lang='grc' dir='ltr'><em>καὶ</em></span> <span class='ocrx_word' id='word_1_264' title='bbox 370 2622 625 2667; x_wconf 79' lang='lat' dir='ltr'>cancellavi</span> <span class='ocrx_word' id='word_1_265' title='bbox 652 2622 658 2680; x_wconf 90' lang='grc' dir='ltr'>Ι</span> <span class='ocrx_word' id='word_1_266' title='bbox 687 2621 904 2677; x_wconf 77' lang='grc' dir='ltr'><em>ἑκάτερον</em></span> <span class='ocrx_word' id='word_1_267' title='bbox 930 2621 1093 2678; x_wconf 83' lang='lat' dir='ltr'>scripsi</span> <span class='ocrx_word' id='word_1_268' title='bbox 1117 2622 1306 2665; x_wconf 76' lang='lat' dir='ltr'>auctore</span> <span class='ocrx_word' id='word_1_269' title='bbox 1322 2621 1391 2664; x_wconf 83' lang='lat' dir='ltr'><em>Re</em></span> <span class='ocrx_word' id='word_1_270' title='bbox 1452 2619 1607 2676; x_wconf 79' lang='grc' dir='ltr'><em>ἕτερον</em></span> <span class='ocrx_word' id='word_1_271' title='bbox 1631 2621 1740 2664; x_wconf 89' lang='lat' dir='ltr'>libri</span> <span class='ocrx_word' id='word_1_272' title='bbox 1757 2621 1847 2665; x_wconf 88' lang='lat' dir='ltr'><em>edd</em></span> 
     </span>
    </p>

    <p class='ocr_par' dir='ltr' id='par_1_12' title="bbox 161 2678 1848 2972">
     <span class='ocr_line' id='line_1_33' title="bbox 224 2678 1847 2736; baseline 0 -11"><span class='ocrx_word' id='word_1_273' title='bbox 224 2687 276 2725; x_wconf 88' lang='lat'><em>11</em></span> <span class='ocrx_word' id='word_1_274' title='bbox 303 2680 372 2732; x_wconf 87' lang='grc' dir='ltr'><em>τίς</em></span> <span class='ocrx_word' id='word_1_275' title='bbox 394 2682 469 2726; x_wconf 91' lang='lat' dir='ltr'><em>IB</em></span> <span class='ocrx_word' id='word_1_276' title='bbox 570 2686 624 2726; x_wconf 84' lang='lat'><em>13</em></span> <span class='ocrx_word' id='word_1_277' title='bbox 648 2678 765 2725; x_wconf 79' lang='grc' dir='ltr'><em>καθ’</em></span> <span class='ocrx_word' id='word_1_278' title='bbox 795 2679 991 2736; x_wconf 82' lang='grc' dir='ltr'><em>ἑκάστην</em></span> <span class='ocrx_word' id='word_1_279' title='bbox 1014 2680 1065 2724; x_wconf 85' lang='lat' dir='ltr'><em>in</em></span> <span class='ocrx_word' id='word_1_280' title='bbox 1087 2679 1387 2736; x_wconf 76' lang='grc' dir='ltr'><em>καθεκάστην</em></span> <span class='ocrx_word' id='word_1_281' title='bbox 1412 2693 1514 2724; x_wconf 80' lang='lat' dir='ltr'>corr</span> <span class='ocrx_word' id='word_1_282' title='bbox 1535 2681 1570 2724; x_wconf 97' lang='lat' dir='ltr'><strong><em>I</em></strong></span> <span class='ocrx_word' id='word_1_283' title='bbox 1577 2679 1594 2705; x_wconf 80' lang='lat'>²</span> <span class='ocrx_word' id='word_1_284' title='bbox 1685 2684 1738 2724; x_wconf 84' lang='grc'>15</span> <span class='ocrx_word' id='word_1_285' title='bbox 1764 2680 1847 2736; x_wconf 80' lang='grc' dir='ltr'><em>μὲν</em></span> 
     </span>
     <span class='ocr_line' id='line_1_34' title="bbox 161 2736 1848 2797; baseline -0.001 -13"><span class='ocrx_word' id='word_1_286' title='bbox 161 2767 219 2774; x_wconf 93' lang='grc'>-</span> <span class='ocrx_word' id='word_1_287' title='bbox 253 2744 307 2784; x_wconf 86' lang='grc'>16</span> <span class='ocrx_word' id='word_1_288' title='bbox 351 2740 494 2793; x_wconf 78' lang='grc' dir='ltr'><em>ἔξεστι</em></span> <span class='ocrx_word' id='word_1_289' title='bbox 535 2740 586 2783; x_wconf 88' lang='lat' dir='ltr'><em>in</em></span> <span class='ocrx_word' id='word_1_290' title='bbox 627 2754 760 2797; x_wconf 78' lang='lat' dir='ltr'><strong>marg</strong></span> <span class='ocrx_word' id='word_1_291' title='bbox 791 2738 900 2784; x_wconf 68' lang='grc' dir='ltr'><em>,Μο2</em></span> <span class='ocrx_word' id='word_1_292' title='bbox 1050 2743 1105 2783; x_wconf 90' lang='lat'><em>18</em></span> <span class='ocrx_word' id='word_1_293' title='bbox 1149 2736 1360 2796; x_wconf 79' lang='grc' dir='ltr'><em>τίγρητος</em></span> <span class='ocrx_word' id='word_1_294' title='bbox 1393 2740 1476 2783; x_wconf 86' lang='lat' dir='ltr'><em>Mo</em></span> <span class='ocrx_word' id='word_1_295' title='bbox 1519 2739 1601 2783; x_wconf 82' lang='lat' dir='ltr'><em>sed</em></span> <span class='ocrx_word' id='word_1_296' title='bbox 1641 2737 1848 2795; x_wconf 80' lang='grc' dir='ltr'><em>τίγριδος</em></span> 
     </span>
     <span class='ocr_line' id='line_1_35' title="bbox 163 2796 1847 2858; baseline -0.001 -15"><span class='ocrx_word' id='word_1_297' title='bbox 163 2813 390 2857; x_wconf 80' lang='lat' dir='ltr'><strong>suprascr.</strong></span> <span class='ocrx_word' id='word_1_298' title='bbox 407 2798 477 2843; x_wconf 75' lang='lat' dir='ltr'><em>m‘</em></span> <span class='ocrx_word' id='word_1_299' title='bbox 503 2799 510 2858; x_wconf 85' lang='grc' dir='ltr'>Ι</span> <span class='ocrx_word' id='word_1_300' title='bbox 534 2799 820 2857; x_wconf 80' lang='grc' dir='ltr'><em>παραλαβὼν</em></span> <span class='ocrx_word' id='word_1_301' title='bbox 845 2810 986 2854; x_wconf 77' lang='lat' dir='ltr'>supra</span> <span class='ocrx_word' id='word_1_302' title='bbox 1001 2798 1260 2856; x_wconf 79' lang='grc' dir='ltr'><em>περιλαβὼν</em></span> <span class='ocrx_word' id='word_1_303' title='bbox 1273 2796 1343 2842; x_wconf 70' lang='lat' dir='ltr'><em>A*</em></span> <span class='ocrx_word' id='word_1_304' title='bbox 1358 2799 1406 2841; x_wconf 80' lang='lat' dir='ltr'><em>et</em></span> <span class='ocrx_word' id='word_1_305' title='bbox 1420 2798 1503 2852; x_wconf 82' lang='lat' dir='ltr'><em>Re,</em></span> <span class='ocrx_word' id='word_1_306' title='bbox 1520 2798 1602 2854; x_wconf 87' lang='lat' dir='ltr'><em>qui</em></span> <span class='ocrx_word' id='word_1_307' title='bbox 1618 2800 1847 2843; x_wconf 82' lang='lat' dir='ltr'><strong>commate</strong></span> 
     </span>
     <span class='ocr_line' id='line_1_36' title="bbox 161 2853 1846 2917; baseline -0.002 -15"><span class='ocrx_word' id='word_1_308' title='bbox 161 2861 270 2915; x_wconf 78' lang='lat' dir='ltr'><strong>post</strong></span> <span class='ocrx_word' id='word_1_309' title='bbox 299 2860 556 2917; x_wconf 82' lang='grc' dir='ltr'><em>Βαβυλῶνα</em></span> <span class='ocrx_word' id='word_1_310' title='bbox 593 2858 747 2915; x_wconf 76' lang='lat' dir='ltr'><strong>posito</strong></span> <span class='ocrx_word' id='word_1_311' title='bbox 779 2859 862 2901; x_wconf 77' lang='lat' dir='ltr'><em>aut</em></span> <span class='ocrx_word' id='word_1_312' title='bbox 899 2856 1055 2908; x_wconf 81' lang='grc' dir='ltr'><em>πόλεις</em></span> <span class='ocrx_word' id='word_1_313' title='bbox 1085 2859 1167 2900; x_wconf 75' lang='lat' dir='ltr'><em>aut</em></span> <span class='ocrx_word' id='word_1_314' title='bbox 1197 2857 1282 2914; x_wconf 86' lang='grc' dir='ltr'><em>τὴν</em></span> <span class='ocrx_word' id='word_1_315' title='bbox 1315 2853 1522 2911; x_wconf 80' lang='grc' dir='ltr'><em>Περσίδα</em></span> <span class='ocrx_word' id='word_1_316' title='bbox 1554 2856 1846 2901; x_wconf 84' lang='lat' dir='ltr'><strong>scribendum</strong></span> 
     </span>
     <span class='ocr_line' id='line_1_37' title="bbox 164 2915 1024 2972; baseline -0.003 -10"><span class='ocrx_word' id='word_1_317' title='bbox 164 2917 364 2962; x_wconf 78' lang='lat' dir='ltr'><strong>coniecit</strong></span> <span class='ocrx_word' id='word_1_318' title='bbox 495 2921 551 2961; x_wconf 84' lang='lat'><em>20</em></span> <span class='ocrx_word' id='word_1_319' title='bbox 584 2915 846 2972; x_wconf 78' lang='grc' dir='ltr'><em>ἐπιτήδειον</em></span> <span class='ocrx_word' id='word_1_320' title='bbox 879 2929 954 2959; x_wconf 90' lang='lat' dir='ltr'><em>om</em></span> <span class='ocrx_word' id='word_1_321' title='bbox 977 2916 1024 2960; x_wconf 89' lang='lat' dir='ltr'><em>B</em></span> 
     </span>
    </p>
   </div>
  </div>
 </body>
</html>
