2090 3162
748 113 971 156 LfflANn
1004 113 1224 158 ORATIO
1257 115 1318 158 XI
1757 118 1864 170 445

198 248 484 317 διαφεύγει
515 249 580 300 τὰ
611 249 770 315 κάτω,
804 247 927 301 ὥστ’
959 248 1040 301 ἐπ’
1074 249 1354 318 ἀσφαλοῦς
1386 250 1581 314 ἐξεῖναι
1605 252 1670 304 τὰ
1694 254 1866 305 πολλὰ

197 338 468 404 βιοτεύειν
506 337 538 405 ἢ
579 338 753 405 πάσης
800 338 1145 406 εὐθηνούσης
1182 338 1214 405 ἢ
1254 339 1466 401 πάντως
1512 358 1572 407 γε
1610 349 1720 392 τῶν
1759 340 1866 393 ἑτέ-

198 444 324 490 ρων.
387 424 472 477 25.
512 434 623 477 τῶν
663 426 723 478 δὲ
762 426 907 494 ὀρῶν
945 425 1118 478 ὁπόσα
1158 427 1222 478 οὐ
1262 428 1502 495 κάρπιμα
1539 429 1638 496 τὴν
1676 429 1866 496 φύσιν,

199 512 427 582 ἑτέρωθι
460 518 723 566 συντελεῖ.
785 516 850 566 τὰ
880 515 980 581 μὲν
1019 516 1121 584 γὰρ
1154 524 1270 577 ταῖς
1310 519 1650 585 λιθοτομίαις
1688 517 1867 584 ἵστησι

196 609 260 670 τῇ
307 603 460 654 πόλει
506 605 634 664 τοὺς
678 605 918 671 τοίχους,
968 604 1034 655 τὰ
1080 601 1140 655 δὲ
1190 613 1306 666 ταῖς
1351 604 1507 667 ὕλαις
1558 604 1763 673 ἐρέπτει
1811 625 1865 658 τε
1912 627 1931 658 5

197 689 286 741 καὶ
325 691 494 742 τᾶλλα
539 692 920 759 συνεργάζεται
970 690 1060 744 καὶ
1110 693 1273 760 χωρὶς
1321 693 1532 744 τούτων
1572 702 1869 756 σιτοποιοῖς

197 797 255 830 τε
293 777 382 830 καὶ
423 782 674 846 λουτροῖς
711 779 931 848 παρέχει
961 781 1020 832 τὸ
1052 788 1180 849 πῦρ,
1222 781 1358 833 ὅθεν
1387 783 1658 850 περιεῖναί
1692 801 1747 834 τε
1779 780 1867 834 καὶ

196 874 419 934 τρυφᾶν
471 866 717 936 ὑπάρχει.
809 868 892 919 26.
954 869 1180 935 ποίμνιά
1232 888 1289 921 τε
1341 870 1430 921 καὶ
1489 870 1708 922 αἰπόλια
1759 878 1868 921 τῶν

198 955 555 1022 βοσκημάτων
588 958 664 1018 εἰς
688 958 787 1024 τὴν
811 956 1111 1024 ἀνθρώπου
1143 959 1355 1026 τροφὴν
1377 962 1534 1025 τελεῖ,
1565 958 1655 1010 καὶ
1687 957 1866 1024 οὐδέν,

196 1042 376 1110 ὥσπερ
418 1042 478 1095 ἐν
512 1052 627 1106 τοῖς
664 1044 1074 1114 πεπηρωμένοις
1113 1046 1372 1113 σώμασιν,
1413 1045 1584 1114 ἀργὸν
1621 1048 1866 1115 ἔρριπται
1893 1068 1934 1099 ιο

199 1138 293 1198 τῆς
324 1133 516 1199 χώρας,
550 1131 687 1184 ἀλλὰ
717 1133 782 1184 τὰ
812 1129 913 1198 μὲν
940 1131 1214 1201 ἀμείβεται
1246 1135 1375 1194 τοὺς
1406 1135 1613 1195 πόνους
1643 1138 1868 1201 μεγαλο-

197 1229 438 1288 πρεπῶς,
477 1221 543 1271 τὰ
582 1219 630 1271 δ’
678 1221 810 1272 ἄνευ
847 1223 1036 1273 πόνων
1075 1222 1399 1289 δωροφορεῖ.

310 1308 393 1359 27.
444 1311 742 1375 Ποταμοὺς
787 1310 979 1361 τοίνυν
1025 1308 1216 1362 ὁπόσοι
1256 1308 1573 1377 διαρρέουσι
1610 1310 1711 1377 τὴν
1749 1318 1868 1378 γῆν,

196 1397 280 1458 τίς
311 1395 379 1448 ἂν
403 1395 782 1466 ἐξαριθμήσειε
805 1399 934 1460 τοὺς
964 1395 1064 1463 μὲν
1087 1400 1315 1465 μείζους,
1347 1400 1475 1459 τοὺς
1508 1398 1566 1450 δὲ
1599 1397 1869 1464 ἐλάττους,

198 1485 287 1537 καὶ
327 1487 456 1547 τοὺς
494 1482 595 1551 μὲν
635 1485 883 1552 ἀενάους,
917 1487 1046 1548 τοὺς
1080 1483 1140 1537 δὲ
1171 1493 1270 1538 τοῦ
1302 1495 1565 1554 χειμῶνος
1597 1485 1870 1557 ἐκγόνους,
1896 1506 1936 1539 15

198 1572 407 1635 πάντας
439 1574 499 1626 δὲ
531 1573 731 1642 ὁμοίως
754 1575 1068 1642 χρησίμους,
1104 1579 1110 1639 Ι
1144 1576 1274 1636 τοὺς
1301 1574 1400 1639 μὲν
1425 1573 1482 1626 ἐκ
1505 1582 1615 1625 τῶν
1638 1573 1784 1641 ὀρῶν
1815 1586 1852 1628 R
1874 1590 1957 1629 283

201 1660 575 1731 ὁρμωμένους,
615 1664 746 1724 τοὺς
784 1661 845 1714 δὲ
883 1660 941 1714 ἐκ
979 1670 1090 1714 τῶν
1127 1663 1333 1714 πεδίων
1371 1661 1706 1730 ἀνίσχοντας,
1745 1663 1873 1723 τοὺς

205 1749 306 1816 μὲν
360 1751 436 1812 εἰς
491 1749 762 1818 ἀλλήλους
815 1749 1203 1818 ἐμβάλλοντας,
1257 1751 1387 1811 τοὺς
1440 1750 1500 1802 δὲ
1552 1750 1630 1812 εἰς
1675 1750 1874 1817 λίμνην

202 1837 400 1905 ἰόντας,
438 1839 568 1900 τοὺς
609 1837 670 1890 δὲ
709 1838 786 1900 εἰς
822 1838 1104 1890 θάλατταν
1143 1840 1475 1906 στείχοντας;

321 2030 372 2069 15
406 2026 514 2070 Hes.
549 2039 607 2082 op
656 2030 738 2068 737

246 2235 248 2239 -
322 2208 343 2246 1
376 2203 581 2247 ταπολλὰ
605 2203 799 2248 ΒΜΜο
919 2207 944 2245 2
970 2218 989 2246 ε
1022 2201 1218 2247 alterum
1250 2202 1298 2244 in
1330 2201 1610 2257 εὐθενούσης
1639 2201 1687 2244 in
1718 2215 1793 2245 ras
1817 2203 1850 2245 Ι
1857 2201 1874 2225 ³

261 2262 552 2318 εὐθυνούσης
578 2263 733 2307 MoCa
852 2266 877 2305 3
909 2260 1029 2316 ὁρῶν
1054 2261 1183 2305 ΒΜο
1207 2262 1254 2304 et
1283 2260 1332 2303 in
1365 2259 1484 2316 ὀρῶν
1508 2274 1608 2304 con·
1631 2259 1703 2304 1²²
1743 2261 1748 2317 Ι
1791 2259 1874 2316 τὴν

203 2320 345 2375 φύσιν
385 2321 440 2364 οὐ
479 2320 688 2377 κάρπιμα
718 2321 802 2365 Μο
951 2324 977 2362 4
1018 2318 1245 2375 ἑτέρωθεν
1268 2319 1369 2363 Μοι·
1442 2317 1630 2374 ἑτέρωσε
1663 2318 1816 2362 Gasda

203 2381 253 2422 at
284 2379 340 2422 cf.
374 2384 398 2433 ς
424 2384 542 2436 281)
547 2385 683 2432 .446,
711 2384 735 2423 3
769 2379 978 2424 ἐνταῦθα
1097 2382 1123 2421 5
1154 2377 1212 2422 τὰ
1241 2375 1366 2435 τείχη
1398 2377 1502 2421 coni
1524 2377 1625 2422 Mor
1700 2376 1873 2433 ἐρέπτει

203 2438 320 2482 citat
349 2438 466 2482 Plan
497 2438 575 2482 fol.
603 2443 687 2482 103
757 2436 933 2494 ἐρέπτει
962 2453 1011 2482 τε
1041 2438 1077 2480 Ι
1105 2437 1188 2481 sed.
1218 2449 1358 2493 supra
1387 2452 1428 2480 ει
1467 2436 1560 2480 circ
1673 2449 1740 2480 ex.
1773 2449 1874 2480 oras

203 2498 252 2541 et
289 2496 358 2540 ιη’
395 2498 548 2555 gravis
595 2510 737 2554 supra
773 2512 822 2541 τε
971 2501 996 2540 6
1035 2513 1062 2553 y
1100 2496 1149 2539 in
1195 2493 1515 2553 συνεργάζεται
1553 2495 1602 2539 in
1639 2508 1713 2539 ras
1745 2494 1818 2540 Ρ*

206 2560 230 2598 ’7
262 2558 471 2611 λουτροῖς
492 2558 536 2600 Α
559 2556 642 2600 sed
673 2559 781 2600 λουτ
812 2556 861 2599 ιιι
892 2569 966 2599 ras
992 2554 1075 2607 ιη’,
1107 2556 1152 2599 P
1180 2554 1261 2598 sed
1290 2570 1319 2598 υ
1350 2554 1399 2597 ἰιι
1429 2566 1503 2597 ras
1526 2554 1595 2598 ιιι4
1675 2556 1876 2608 λοετροῖς

207 2615 246 2660 G
264 2615 312 2658 et
338 2613 439 2658 Mor
465 2615 471 2673 Ι
497 2630 545 2660 τε
577 2629 651 2659 om
682 2615 784 2658 Mor
903 2619 928 2658 9
960 2614 1007 2664 ἐς
1038 2615 1122 2659 Mo
1149 2616 1154 2670 Ι
1183 2614 1384 2657 συντελεῖ
1404 2613 1518 2657 Rea
1639 2616 1693 2656 10
1725 2611 1874 2667 ὥσπερ

204 2688 280 2717 om
306 2674 350 2717 B
465 2678 518 2717 12
550 2676 815 2730 δωροφορεῖ
837 2686 861 2717 e
885 2675 1141 2729 δορυφορεῖ
1169 2685 1269 2716 corr
1286 2672 1344 2716 0·
1451 2676 1505 2715 13
1528 2670 1634 2726 περὶ
1655 2677 1875 2727 ποταμῶν

202 2731 370 2776 titulus
405 2732 486 2777 OB
528 2732 578 2776 in
618 2745 754 2789 marg
813 2752 815 2754 ·
897 2736 949 2776 15
982 2730 1210 2782 ἀεννάους
1239 2731 1284 2774 Α
1322 2729 1404 2774 sed
1477 2730 1574 2774 rius
1612 2746 1640 2773 ν
1679 2742 1874 2783 erasum,

205 2793 251 2836 P
280 2791 361 2835 sed
390 2791 461 2834 ιη’
492 2803 594 2835 con·
621 2791 671 2835 in
707 2789 927 2844 ἀενάους,
969 2790 1102 2836 UIGa
1131 2790 1200 2833 Re
1350 2793 1403 2832 16
1489 2789 1540 2832 in
1572 2787 1623 2844 ὀρ
1626 2795 1691 2832 ῶν
1721 2787 1771 2830 in
1801 2800 1875 2831 ras

204 2849 279 2895 12¹
422 2854 476 2894 18
508 2849 650 2918 ἐμβαλ
693 2849 744 2894 in
786 2848 1090 2922 ἐμβάλλοντας
1130 2848 1179 2892 in
1215 2860 1290 2891 rae
1322 2846 1393 2891 P’
1475 2845 1703 2906 ἐμβάντας
1732 2845 1832 2891 Μοι·
1865 2847 1873 2903 Ι

204 2925 235 2952 ν
265 2908 314 2952 in
343 2906 506 2966 λίμνην
537 2908 662 2953 inser
685 2908 792 2954 Mo’
941 2912 994 2951 19
1027 2904 1075 2951 δ’
1101 2906 1168 2950 Re
1218 2908 1224 2963 Ι
1272 2904 1516 2950 θάλασσαν
1550 2906 1612 2950 Μ
