2090 3162
708 107 934 150 LIBANII
969 106 1190 151 ORATIO
1223 107 1307 150 VH
1746 107 1855 159 375

169 244 360 310 οὐδέν,
416 242 533 296 ἀλλ’
594 243 660 295 ὃν
714 243 813 312 οὐχ
869 236 990 295 οἷόν
1045 262 1100 294 τε
1155 243 1559 311 ὑπερπηδῆσαι,
1622 243 1856 310 κάθηται

175 334 430 401 δικαστὴς
477 334 672 394 Μίνως
727 332 755 385 ὁ
802 334 962 397 Διός,
1019 332 1437 399 διαγιγνώσκων
1491 332 1664 393 εὐθὺς
1721 332 1858 384 ἰδὼν

172 423 355 490 ψυχὴν
395 422 588 473 ἄδικόν
626 440 683 472 τε
722 422 811 472 καὶ
853 421 1094 472 δικαίαν·
1134 422 1409 488 συμμαχία
1450 417 1507 472 δὲ
1541 420 1858 486 οὐδαμόθεν

170 519 235 579 τῇ
274 517 410 579 κακῇ
452 510 578 561 οὔτε
619 509 723 561 ἀπὸ
771 511 950 576 λόγων
990 510 1299 576 δεινότητος
1346 509 1470 561 οὔτε
1512 509 1615 561 ἀπὸ
1658 509 1858 577 χρημά-

170 619 281 650 των
303 601 556 666 πλήθους
582 598 708 650 οὔτε
741 597 845 650 ἀπὸ
880 600 1200 665 συγγενείας
1224 596 1256 665 ἢ
1283 599 1479 665 φίλων,
1514 596 1629 649 ἀλλ’
1661 597 1859 650 ὠσθεῖ-

173 701 277 739 σαν
317 680 375 739 οἶ
408 685 657 739 τέτακται
698 685 891 755 φέρειν
931 685 1140 754 ἀνάγκη
1180 685 1562 754 κολαζομένην.

283 776 329 827 8.
373 773 555 837 Ὅστις
604 771 706 827 οὖν
754 775 909 847 ὀρθῷ
952 774 1081 846 ε’λέω
1129 778 1406 844 χρήσεται,
1462 778 1672 842 μᾶλλον
1719 775 1864 846 αὐτῷ

175 863 436 927 δόξουσιν
476 864 592 916 οἴδε
643 864 696 916 οἱ
741 864 996 916 πλούσιοι
1043 872 1154 915 τῶν
1198 872 1429 932 πτωχῶν
1475 861 1701 915 ἐκείνων
1748 861 1860 914 ε’λε-

176 956 332 1020 εινοί,
364 952 468 1005 κᾶν
498 954 645 1005 πάνυ
677 960 874 1020 πεινῆν
899 951 1096 1005 ἐκεῖνοι
1122 951 1358 1020 λέγωσιν
1383 951 1663 1020 ὀμνύντες.
1716 953 1859 1004 πολὺ

175 1042 278 1110 γὰρ
313 1042 492 1109 δήπου
534 1042 851 1110 δεινότερον
882 1048 981 1093 τοῦ
1019 1041 1152 1108 μετὰ
1190 1049 1301 1093 τῶν
1332 1050 1518 1092 κυνῶν
1550 1039 1610 1093 ἐν
1642 1045 1866 1111 φορυτῷ

171 1131 471 1182 καθεύδειν
519 1131 580 1182 τὸ
629 1129 690 1183 ἐν
745 1129 1012 1198 ἀργυραῖς
1058 1132 1269 1191 κλίναις
1308 1129 1375 1182 οὐ
1415 1133 1591 1191 καλῶς
1636 1146 1861 1198 πεπορι-

174 1218 410 1285 σμέναις.
481 1218 528 1270 9.
569 1219 781 1271 τούτων
819 1221 1015 1270 τοίνυν
1053 1226 1164 1270 τῶν
1202 1220 1333 1279 τοὺς
1371 1218 1641 1286 μεγάλους
1680 1218 1861 1286 εἰργα·

177 1306 395 1375 σμε’νων
425 1307 700 1369 πλούτους
732 1307 834 1359 οὐκ
867 1306 1092 1374 ὀλίγους
1124 1306 1308 1376 εὕροις
1346 1305 1415 1358 ἂν
1455 1304 1675 1374 ἑτέρους
1714 1304 1862 1357 ε’κδε-

176 1396 432 1463 δυκότας,
481 1396 548 1448 οὐ
595 1397 730 1448 κατὰ
776 1397 905 1458 τοὺς
954 1395 1273 1457 λωποδύτας
1319 1395 1579 1447 τουτουσὶ
1625 1396 1754 1456 τοὺς
1796 1394 1862 1446 τὰ

173 1485 340 1552 μικρὰ
381 1483 632 1551 ἀδίκους,
680 1483 818 1536 ἀλλὰ
856 1486 1096 1546 πολλοὺς
1135 1480 1236 1552 μὲν
1276 1482 1512 1550 οἰκέτας,
1554 1484 1760 1545 πολλὰς
1800 1482 1861 1535 δὲ

175 1576 458 1635 συνοικίας
498 1572 888 1641 ἀφελομένους,
927 1574 1169 1635 πολλοὺς
1200 1569 1260 1624 δὲ
1294 1571 1515 1641 ἀγρούς,
1555 1572 1762 1634 πολλὰς
1801 1571 1862 1624 δὲ

177 1661 436 1729 ὁλκάδας,
491 1663 716 1731 χρυσόν,
770 1663 1033 1731 ἄργυρον,
1088 1660 1308 1729 ἐσθῆτα.
1404 1661 1486 1712 10.
1551 1661 1604 1712 οἱ
1659 1660 1721 1712 δὲ
1772 1661 1862 1712 καὶ

178 1749 369 1819 τεμένη
411 1770 468 1803 τε
515 1751 604 1803 καὶ
643 1751 780 1812 νεὼς
821 1752 1061 1819 κτήματα
1101 1747 1310 1802 ἑαυτῶν
1350 1748 1701 1818 ἐποιήσαντο,
1749 1743 1864 1802 εἶτα

178 1839 322 1907 μάλα
361 1839 594 1908 εὐχερῶς
630 1837 950 1908 ἑκρίψαντες
980 1839 1047 1891 τὰ
1077 1837 1171 1907 ἕδη
1213 1836 1410 1906 ξύλων,
1450 1838 1503 1890 οῖ
1543 1834 1604 1890 δὲ
1643 1836 1864 1907 ἀχύρων

296 1959 349 1998 19
384 1953 486 2011 ἕδη
525 1954 583 1998 τὰ
622 1953 863 2012 ἀγάλματά
904 1968 1018 2011 φησι
1050 1961 1140 1997 τῶν
1174 1951 1410 2010 δαιμόνων
1441 1953 1561 1997 Max.
1595 1953 1725 1996 Plan.
1761 1953 1860 1997 cod.

175 2014 324 2058 Palaia.
361 2018 443 2057 129
476 2013 556 2057 fol.
585 2018 639 2057 38
672 2013 746 2070 (cf.
779 2028 824 2070 p.
854 2017 938 2070 73).

297 2123 319 2160 1
354 2118 678 2173 ὑπερπηδῆσαι
710 2117 794 2175 οὐχ
827 2113 928 2161 οἷόν
962 2132 1008 2160 τε
1041 2117 1177 2160 ΒΜα
1194 2116 1304 2159 Ferr
1320 2116 1421 2159 Mor
1542 2121 1568 2158 2
1601 2116 1680 2158 καὶ
1713 2118 1864 2172 διαγι-

178 2177 343 2221 νώσκει
374 2192 424 2233 γε
450 2179 484 2220 Ι
508 2177 590 2220 sed
622 2177 702 2220 καὶ
731 2176 857 2219 inser
879 2175 962 2230 m⁸‚
995 2194 1020 2232 γ
1052 2177 1159 2232 post
1190 2192 1206 2218 ι
1239 2188 1341 2218 eras
1374 2177 1421 2218 et
1452 2191 1492 2218 ει
1522 2174 1573 2217 in
1602 2187 1692 2226 ras,
1725 2174 1864 2219 BMa

177 2236 314 2279 Patm
344 2235 411 2291 (in
440 2238 591 2293 marg)
615 2236 726 2279 Ferr
747 2235 851 2279 Mor
952 2239 979 2277 4
1011 2232 1111 2278 οὔτ’
1141 2235 1278 2279 ΒΜα
1302 2234 1414 2278 Ferr
1436 2233 1538 2277 Mor
1563 2235 1569 2291 1
1597 2234 1692 2277 ἀπὸ
1716 2232 1864 2290 λόγων

177 2294 441 2351 δεινότητος
479 2309 555 2339 om
587 2295 632 2338 B
760 2299 787 2337 4
820 2295 867 2337 et
899 2298 924 2337 5
958 2291 1058 2338 οὔτ’
1086 2295 1224 2338 ΒΜα
1247 2293 1359 2337 Ferr
1379 2295 1481 2336 Mor
1613 2297 1638 2335 6
1669 2287 1698 2346 ἧ
1739 2293 1814 2336 UI

180 2358 204 2396 7
240 2353 394 2408 ὀρθῶς
418 2356 506 2398 Ma
539 2356 586 2397 ct
617 2353 723 2398 coni
745 2354 848 2397 Mor
968 2358 992 2396 9
1026 2351 1237 2409 λέγουσιν
1261 2353 1306 2396 Β
1414 2356 1469 2395 10
1493 2358 1585 2395 τῶν
1609 2363 1711 2396 eras
1736 2353 1771 2395 I
1789 2365 1865 2395 om

179 2414 316 2458 BMa
331 2413 443 2456 Fen·
458 2413 560 2457 Mor
593 2414 598 2468 Ι
634 2413 684 2457 ἐν
708 2427 783 2456 om
807 2412 909 2456 Mor
946 2412 953 2471 Ι
991 2411 1246 2466 ἀκαθάρτω
1279 2418 1465 2467 φορυτῶ
1483 2412 1622 2455 ΒΜα
1637 2410 1748 2455 Fen·
1763 2410 1867 2454 Mor

240 2519 295 2558 13
327 2473 641 2567 ssndsggxdwg
662 2516 751 2561 AC
779 2516 860 2560 sed
891 2515 940 2558 in
972 2515 1060 2558 hoc
1092 2518 1149 2559 δυ
1182 2527 1408 2570 suprascr.
1428 2528 1465 2570 p
1571 2518 1625 2556 17
1660 2513 1866 2570 ἄργυρον

180 2574 347 2630 scripsi
372 2587 477 2618 cum
504 2575 710 2620 UIBMa
724 2575 836 2619 Fcrr
851 2574 953 2618 Mor
977 2573 1080 2618 coll.
1106 2589 1150 2630 p.
1170 2578 1270 2626 385,
1288 2577 1316 2616 4
1377 2572 1600 2630 ἀργύριον
1627 2573 1755 2617 ΟΑΡ
1783 2571 1866 2614 sed

178 2633 229 2676 in
258 2633 348 2677 hoc
379 2647 480 2677 corr
503 2647 557 2678 ex
581 2633 801 2691 ἄργυρον,
833 2635 880 2677 et
903 2633 970 2677 Re
1093 2637 1147 2676 18
1171 2648 1219 2676 τε
1244 2647 1320 2676 0111
1343 2632 1482 2675 ΒΜα
1505 2631 1596 2675 edd
1623 2634 1629 2684 Ι
1656 2630 1864 2687 κτήματα

181 2691 359 2736 ἑαυτῶν
391 2692 555 2749 scripsi
594 2692 801 2750 κτήματά
831 2709 879 2737 τε
919 2692 1073 2736 αὐτῶν
1107 2692 1236 2737 GAP
1275 2691 1356 2735 sed
1386 2691 1436 2733 in
1466 2690 1555 2734 hoc
1586 2689 1694 2747 spir.
1729 2702 1867 2746 asper

178 2751 248 2794 m⁸
285 2751 335 2794 in
366 2764 441 2794 ras
524 2750 731 2808 κτήματά
770 2767 820 2808 γε
852 2751 1005 2795 αὐτῶν
1039 2751 1112 2796 UI
1188 2749 1395 2806 κτήματα
1426 2749 1579 2793 αὐτῶν
1604 2750 1743 2793 ΒΜα
1773 2747 1864 2792 edd

241 2814 295 2853 19
321 2808 442 2866 μάλα
473 2824 548 2854 0111
579 2812 626 2855 Β
670 2810 720 2854 in
764 2810 935 2854 lacuna
974 2811 1078 2854 octo
1124 2809 1387 2853 litterarum
1428 2809 1434 2867 Ι
1476 2825 1531 2865 γρ
1578 2808 1867 2879 ἐκρύψαντες

179 2867 316 2971 Ρέἓω
346 2868 397 2911 in
426 2881 559 2972 mpsrg
607 2872 614 2926 Ι
661 2869 720 2913 τὰ
752 2882 855 2914 eras
887 2870 920 2912 I
962 2869 969 2926 1
1018 2867 1063 2912 οἱ
1095 2869 1146 2912 δὲ
1180 2867 1345 2924 scripsi
1377 2880 1402 2910 c
1429 2867 1557 2912 GAP
1635 2882 1665 2921 η
1696 2866 1865 2910 ΙΒΜα

180 2940 206 2972 c
365 2942 441 2971 om

1906 617 1924 649 5

1885 1061 1927 1093 10

1887 1504 1928 1536 15
