2090 3162
691 147 916 191 LIBANII
948 147 1169 192 ORATIO
1203 147 1264 191 VI
1709 149 1815 201 353

134 289 261 337 sima
298 289 361 336 16
396 286 590 351 paginis
622 287 970 349 comprehensa
1001 287 1125 335 nihil
1163 287 1258 335 nisi
1297 289 1569 336 versionem
1607 289 1816 336 latinam

134 356 208 428 (p.
252 355 454 427 3—14)
504 363 554 409 et
598 365 764 409 notata
801 363 832 408 i.
875 377 914 408 e.
953 363 1095 410 notas
1144 362 1415 426 exegeticas
1463 356 1530 428 (p.
1575 357 1813 428 15—16)

136 428 420 501 continet.¹)

249 509 477 557 Reiskius
523 510 714 556 textum
759 508 1106 557 Morellianum
1150 509 1321 556 multis
1371 510 1490 557 locis
1538 510 1818 558 emendavit

133 599 229 646 ope
268 584 581 644 potissimum
624 582 803 631 codicis
841 582 1125 646 Augustani
1171 599 1318 644 quem
1363 586 1559 646 praeter
1596 584 1815 632 Wolfen-

137 657 449 704 buttelanum
488 657 719 717 contulit3
757 656 1078 704 Reisln'anum
1114 657 1193 704 hic
1230 657 1334 704 fflie
1366 656 1530 705 Gasda
1541 651 1582 723 2)
1616 658 1816 705 adiutus

137 730 385 779 codicibus
424 730 794 778 Vindobonensi
834 733 883 778 et
920 730 1144 778 Parisino
1179 732 1318 779 3016
1362 731 1422 778 ab
1462 732 1568 793 ipso
1610 732 1815 780 collatis.

136 804 404 866 Exemplar
434 804 753 852 Reiskianum
785 819 895 852 cum
927 804 1173 853 codicibus
1204 804 1441 853 Parisinis
1469 803 1571 853 963
1599 809 1648 853 et
1675 807 1817 854 1000
1910 800 1914 826 ³

34 926 38 931 .
134 878 488 927 Boissonadius
526 871 802 943 contulit.·⁹’)

258 1067 300 1120 1)
332 1064 452 1107 Usus
497 1078 599 1107 sum
643 1063 898 1120 exemplari
939 1063 1253 1108 bibliothecae
1283 1064 1459 1122 Regiae
1490 1063 1814 1108 Berolineneis.

133 1122 203 1167 cf.
236 1123 487 1178 Maittaste,
512 1123 630 1166 Ann.
663 1126 845 1181 typogr.
879 1123 942 1166 Π]
972 1127 1070 1167 850.
1126 1123 1296 1167 Parum
1324 1126 1451 1168 recte
1480 1124 1527 1167 in
1562 1123 1816 1180 catalogue

134 1183 196 1226 de
238 1182 286 1226 la
315 1182 436 1226 Bibl.
482 1183 545 1225 du
575 1182 677 1225 Roi.
710 1182 862 1227 Belles
893 1183 1072 1227 Lettres
1105 1183 1154 1226 T.
1180 1183 1202 1225 Ι
1232 1199 1276 1239 p.
1304 1187 1387 1226 107
1419 1198 1463 1226 n.
1492 1183 1663 1226 1724A
1699 1183 1816 1226 haec

53 1286 61 1298 ,
134 1241 281 1286 editio
314 1244 408 1286 tres
441 1241 755 1286 oratiunculas
786 1256 939 1300 yraece
970 1248 1012 1287 et
1040 1243 1182 1287 latine
1211 1242 1434 1298 praebere
1466 1243 1648 1286 dicitur.

256 1303 300 1359 2)
331 1300 563 1345 Kritische
595 1301 812 1358 Beitr'age
843 1316 900 1344 zu
930 1301 1148 1346 Libanios
1179 1301 1222 1345 Π
1253 1301 1450 1359 (Lubani
1483 1304 1614 1358 1870)
1645 1317 1689 1358 p.
1718 1307 1756 1344 1.

256 1363 300 1418 3)
331 1359 450 1404 Vide
482 1373 622 1416 supra
652 1375 696 1416 p.
731 1364 799 1403 78.

203 3032 427 3066 Inuum
450 3032 511 3065 od.
533 3032 774 3066 Foerster.
810 3032 900 3064 Lu.
1497 3030 1555 3070 23
