2090 3162
774 94 999 139 LIBANII
1032 95 1253 139 ORATIO
1287 95 1326 138 X
1800 96 1907 149 405

232 232 402 299 καλὴν
440 232 630 298 ἤρισεν
669 233 804 298 ἔριν,
853 230 942 283 καὶ
983 233 1270 299 προσθήκη
1311 231 1477 283 πάλιν
1517 230 1694 299 ἑτέρα,
1743 232 1908 284 δυνα-

230 319 362 387 μένη
402 327 694 387 τοσοῦτον,
735 319 867 372 ὅσον
908 320 1210 388 ἀμφότερα,
1257 321 1317 372 τό
1356 339 1411 371 τε
1452 319 1681 388 ἀρχαῖον
1718 320 1808 372 καὶ
1847 321 1907 372 τὸ

231 409 506 477 δεύτερον,
546 409 636 460 καὶ
676 410 879 460 πλείων
917 405 1017 474 μὲν
1056 407 1083 460 ὁ
1125 409 1298 476 ὄχλος,
1339 410 1543 460 πλείων
1575 409 1636 460 δὲ
1676 408 1703 461 ὁ
1737 410 1908 478 θόρυ-

231 499 340 563 βος.
403 498 462 548 τὸ
494 498 790 563 πρόσωπον
830 497 889 549 δὲ
922 496 1096 549 ἐκεῖνο
1129 498 1189 550 τὸ
1222 495 1554 564 καταπλῆξαι
1590 498 1595 562 ξ
1632 497 1818 550 δεινὸν
1849 509 1890 552 R
1912 514 1995 553 266

230 585 429 652 ὠφελεῖ
469 584 585 653 μέν,
624 586 790 652 μικρὰ
830 582 890 637 δὲ
929 593 1114 653 ταῦτα,
1154 583 1244 637 καὶ
1284 583 1408 637 καθ’
1454 584 1686 653 ἑκάστην
1718 585 1908 654 Ὀλυμ·
1956 607 1974 639 5

230 674 398 726 πιάδα
436 675 536 741 τὴν
575 673 842 741 ἀκοσμίαν
874 669 942 740 ἦν
977 674 1117 726 ἰδεῖν
1150 672 1542 742 αὐξανομένην.
1608 674 1688 725 14.
1728 677 1909 726 τελευ-

231 764 454 814 τώντων
490 762 591 828 μὲν
642 771 751 814 τῶν
801 763 947 831 παρὰ
986 771 1095 814 τῶν
1135 761 1392 830 ἀθλητῶν
1432 764 1509 824 εἰς
1549 762 1706 830 ἡλίου
1747 763 1910 814 δύσιν

230 851 321 902 διὰ
371 851 431 902 τὸ
485 851 572 902 καὶ
623 851 719 902 τὸν
758 858 851 918 τῆς
902 850 1067 918 ἀρχῆς
1106 851 1338 903 τουτωνὶ
1388 859 1499 903 τῶν
1549 848 1727 918 ἔργων
1767 870 1908 903 κεκι-

230 944 436 1006 νῆσθαι
469 941 686 1007 χρόνον,
720 938 928 1007 ἀνάγκη
963 941 1064 1006 γὰρ
1099 934 1167 1006 ἦν
1198 939 1541 1009 βραδύτερον
1574 939 1909 1009 ἀρχομένους

230 1029 573 1095 βραδύτερον
603 1033 938 1095 πεπαῦσθαι,
979 1029 1307 1096 τολμώντων
1338 1037 1588 1096 φανερῶς
1620 1027 1910 1096 ὁμολογεῖν
1934 1051 1976 1083 10

227 1125 339 1168 τῶν
377 1119 598 1168 πολλῶν
635 1117 707 1184 μὴ
747 1115 816 1168 ἂν
853 1116 1131 1168 δύνασθαι
1171 1117 1230 1168 τὸ
1263 1123 1442 1185 καῦμα
1474 1115 1768 1185 ἀνέχεσθαι
1799 1125 1910 1169 τῶν

230 1204 512 1273 προτέρων
529 1204 617 1257 ἐπὶ
641 1202 877 1276 τῷπάνυ
906 1205 1183 1258 δύνασθαι
1209 1204 1703 1273 φιλοτιμουμένων,
1729 1203 1908 1273 φωναὶ

234 1290 293 1344 δὲ
335 1294 390 1345 αἱ
421 1302 532 1345 τῶν
564 1294 745 1346 ἄλλων
776 1298 994 1346 θεατῶν
1026 1294 1290 1360 εἰσῆλθον
1323 1292 1493 1346 ἐκεῖσε
1524 1301 1691 1346 πᾶσαι
1723 1313 1909 1362 μεμιγ-

228 1382 386 1448 μέναι
420 1390 536 1443 ταῖς
568 1391 678 1433 τῶν
696 1381 973 1449 Ἑλλήνων
1009 1383 1063 1434 αἱ
1084 1380 1362 1450 Ῥωμαίων
1396 1391 1506 1434 τῶν
1540 1382 1640 1448 μὲν
1672 1383 1910 1450 φασκόν-

227 1490 336 1522 των
375 1469 695 1522 ἐκτετάσθαι
736 1471 832 1522 τὸν
870 1473 1192 1538 παλαιστήν,
1231 1480 1341 1522 τῶν
1381 1470 1442 1523 δὲ
1483 1471 1562 1523 οὔ.
1627 1471 1763 1522 ὥστε
1794 1479 1909 1533 τοῖς
1933 1492 1974 1526 15

229 1560 293 1610 τὰ
332 1560 567 1627 πρότερα
606 1559 778 1611 εἰδόσι
818 1556 965 1611 ταῦτ’
1013 1557 1186 1611 ἐλεεῖν
1224 1556 1378 1630 ἐπῄει
1418 1559 1591 1626 ὄνομά
1629 1579 1686 1611 τε
1726 1559 1911 1620 αὐτοῖς

228 1645 476 1700 ἐτίθεντο
515 1647 576 1699 τὸ
616 1654 710 1714 τῆς
750 1645 939 1715 ἑορτῆς
979 1645 1205 1716 ἐκείνης,
1246 1646 1307 1700 ἐν
1342 1642 1376 1716 ᾗ
1414 1648 1475 1699 τὸ
1514 1648 1686 1717 μηδὲν
1726 1647 1911 1700 ὀκνεῖν

229 1737 386 1788 πολύ.
453 1735 534 1787 15.
574 1734 925 1802 ὑβρισμένων
964 1736 1032 1804 δὴ
1071 1734 1161 1788 καὶ
1201 1735 1770 1805 καταπεφρονημένων
1799 1745 1911 1788 τῶν

227 1823 287 1875 ἐν
323 1830 397 1896 τῷ
432 1823 697 1895 Πλέθρῳ,
743 1833 854 1877 τῶν
900 1822 1268 1893 ἐντιμοτάτων
1307 1843 1363 1876 τε
1409 1825 1498 1877 καὶ
1547 1825 1908 1892 σεμνοτάτων,

226 1912 363 1981 ῥᾷον
412 1913 514 1980 ἤδη
555 1913 620 1964 τὰ
670 1913 807 1964 ἄλλα
855 1914 1153 1981 μεθίστατο
1204 1914 1545 1966 κελευόντων
1592 1912 1693 1982 μέν
1738 1933 1906 1966 τινων
1931 1936 1974 1969 20

227 2000 338 2068 [τὰ]
380 2002 571 2070 ἄριστα
610 2009 790 2054 ποιεῖν
828 2002 894 2053 τὰ
933 2002 1127 2054 δεῖπνα
1166 2003 1265 2054 τόν
1295 2021 1352 2054 τε
1393 2000 1750 2075 ἀγωνοθέτην
1780 2002 1910 2063 τούς

225 2107 282 2140 τε
329 2088 682 2151 ἑλλανοδίκας
728 2088 818 2142 καὶ
866 2091 1194 2158 πειθόντων,
1243 2089 1621 2159 ἀνισταμένων
1667 2090 1730 2142 δὲ
1775 2088 1909 2142 ἐκεί-

228 2197 343 2237 νων
381 2178 471 2230 καὶ
521 2178 992 2248 διασπειρομένων
1034 2179 1219 2231 οἴκαδε
1266 2177 1523 2246 ἑκάστου,
1572 2179 1908 2231 δεικνύντων

346 2401 397 2440 17
432 2400 672 2454 Μαῖουμᾶ.
737 2397 791 2440 cf.
829 2396 1059 2450 OMfiller‚
1093 2399 1198 2441 Ant.
1232 2397 1446 2441 Antioch.
1475 2401 1542 2441 33.

344 2607 369 2646 5
402 2617 512 2646 num
545 2602 745 2659 ὠφέλειῖ
867 2607 892 2646 9
924 2603 1005 2648 τὸν
1037 2602 1205 2660 χρόνον
1229 2603 1361 2660 Bong
1389 2604 1394 2661 Ι
1429 2602 1712 2662 ἀρχομένους
1743 2603 1906 2661 scripsi

227 2674 251 2703 e
286 2661 365 2705 CA
440 2661 712 2719 ἀρχομένοις
734 2663 811 2706 ΡΙ
837 2662 926 2707 edd
1073 2667 1127 2707 16
1167 2663 1320 2706 αὐτῶν
1351 2662 1483 2719 Bong
1620 2667 1674 2707 18
1705 2678 1905 2707 καταπε-

231 2719 535 2777 φρονημένων
574 2722 738 2778 scripsi
778 2735 803 2765 e
837 2722 916 2766 CA
961 2723 1008 2765 et
1038 2738 1092 2779 γρ
1124 2721 1172 2764 in
1203 2735 1336 2778 marg
1366 2722 1412 2766 P
1451 2720 1905 2778 καταπεπατημένων

225 2779 302 2822 ΡΙ
328 2779 418 2822 edd
487 2779 543 2824 cf.
576 2795 620 2837 p.
648 2785 747 2835 397,
773 2785 798 2824 3
952 2784 1006 2823 19
1037 2787 1128 2825 τῶν
1168 2779 1444 2824 cancellavit
1472 2781 1540 2824 Re
1562 2781 1726 2835 Anim,
1764 2782 1815 2824 at
1846 2780 1902 2825 cf.

225 2853 268 2894 p.
288 2842 388 2892 408,
409 2842 461 2881 15
481 2853 546 2894 sq.
676 2844 728 2883 21
762 2839 819 2883 τὰ
851 2838 1106 2883 cancellavi
1138 2841 1324 2883 auctore
1348 2839 1416 2882 Re
1544 2844 1598 2883 22
1631 2836 1906 2890 ἑλανοδίκας

225 2897 270 2940 Α
354 2895 648 2954 ἑλληνοδίκας
681 2898 762 2942 GP
802 2899 881 2942 sed
914 2898 963 2941 in
995 2898 1082 2941 hoc
1115 2897 1272 2955 ἑλληνο
1304 2899 1353 2942 in
1383 2910 1459 2941 ras
1490 2898 1559 2941 m³
