2090 3162
222 117 326 169 522
772 117 997 160 LIBANII
1030 117 1251 161 ORATIO
1285 117 1346 160 XI

221 250 279 304 δὲ
320 253 416 305 τὸν
445 251 708 319 Ἀπόλλω,
755 261 818 321 τῇ
861 254 1065 323 Λήμνῳ
1116 250 1175 304 δὲ
1203 251 1527 321 “Ήφαιστον.
1605 253 1692 304 καὶ
1743 255 1792 305 εί
1831 255 1896 322 δὴ

221 342 306 393 δεῖ
334 342 612 393 πιστεύειν
644 339 705 393 ἐν
735 340 898 393 ὕδασι
931 342 1030 409 τὴν
1063 342 1278 393 δίαιταν
1312 336 1451 393 εἶναι
1477 350 1593 403 ταῖς
1617 343 1898 410 Νύμφαις,

130 441 170 483 R
193 447 275 485 353
312 430 543 482 δοκοῦσί
579 449 672 496 μοι
711 438 825 490 τοῖς
864 425 966 497 μὲν
1006 430 1190 492 ἄλλοις
1229 429 1537 498 ἐπιφοιτᾶν,
1574 429 1578 500 Ι
1615 430 1748 482 ὅσον
1789 430 1898 482 ε’πι-

176 629 194 659 5

152 1071 193 1102 10

150 1512 190 1544 15

149 1955 191 1986 20

221 526 505 584 σκοπῆσαι,
538 516 690 569 τουτὶ
725 516 802 585 δέ,
837 518 1016 586 ὥσπερ
1044 519 1096 570 οἱ
1121 521 1378 586 βασιλεῖς,
1413 517 1526 571 ἀντ’
1559 519 1900 587 ἀκροπόλεως

224 611 574 673 πεποιῆσθαι.
645 607 906 672 πείθομαι
947 603 1007 658 δὲ
1050 606 1269 659 κάκεῖνο
1308 608 1401 669 τὰς
1439 615 1584 676 τρεῖς
1622 609 1772 675 θεάς,
1813 608 1901 660 ὅτε

217 694 339 762 περὶ
390 695 624 757 κάλλους
674 696 879 763 ἤριζον,
934 694 1196 747 ἐνταυθοῖ
1235 694 1575 763 λουσαμένας
1621 697 1774 764 ἥκειν
1813 695 1899 748 ἐπὶ

217 784 316 850 τὴν
353 785 538 852 κρίσιν
578 786 787 851 μᾶλλον
826 782 858 851 ἢ
901 779 966 835 οὗ
1009 783 1275 850 λέγονται.
1354 783 1475 836 242.
1524 787 1606 846 τίς
1645 786 1747 854 γὰρ
1788 783 1899 836 ε’πι-

219 873 345 933 στας
385 870 476 924 καὶ
528 872 869 938 θεασάμενος
908 874 966 923 ἔκ
1006 891 1062 924 τε
1100 882 1210 924 τῶν
1249 873 1480 940 πρώτων
1520 873 1801 939 στομάτων
1838 874 1898 925 τὸ

216 960 366 1028 ὕδωρ
409 959 600 1030 ἐκρέον
631 961 720 1012 καὶ
760 959 887 1013 καθ’
930 958 1188 1029 ἑκάτερον
1226 970 1412 1030 τοῖχον
1451 969 1550 1014 τοῦ
1591 963 1695 1014 νεὼ
1737 964 1899 1030 φερό-

219 1067 387 1117 μενον
428 1050 529 1101 οὐκ
569 1048 638 1101 ἂν
677 1049 945 1117 ἀγασθείη
994 1046 1095 1118 μὲν
1140 1050 1201 1101 τὸ
1240 1053 1471 1117 πλῆθος,
1511 1049 1798 1118 ἐκπλαγείη
1840 1046 1900 1101 δὲ

215 1139 275 1189 τὸ
327 1138 548 1205 κάλλος,
598 1140 837 1206 τιμήσειε
889 1135 950 1190 δὲ
1002 1139 1074 1200 ὡς
1123 1143 1303 1206 θεῖον,
1355 1139 1551 1201 ἅψαιτο
1601 1136 1661 1191 δὲ
1711 1137 1899 1207 ἡδέως,

216 1227 475 1278 λούσαιτο
518 1223 578 1278 δὲ
618 1227 796 1294 ἥδιον,
844 1229 962 1279 πίοι
1002 1223 1063 1279 δὲ
1105 1227 1177 1289 ὡς
1223 1228 1443 1295 ἥδιστα,
1520 1230 1580 1280 τὸ
1622 1229 1725 1295 γὰρ
1767 1227 1898 1279 αὐτὸ

215 1317 431 1383 ψυχρόν
480 1334 537 1367 τε
587 1315 674 1367 καὶ
723 1312 946 1382 διαυγὲς
991 1314 1081 1367 καὶ
1128 1316 1504 1382 ποτιμώτατον
1541 1314 1630 1368 καὶ
1682 1316 1900 1384 χάρισιν

217 1402 634 1473 ἐγκεχρισμένον
656 1402 747 1456 καὶ
772 1401 1044 1473 προσηνὲς
1072 1403 1326 1472 ὁμιλῆσαι
1352 1406 1613 1473 σώμασιν.
1677 1404 1798 1456 243.
1833 1404 1898 1456 οὐ

214 1493 322 1559 μὴν
362 1491 422 1545 ἐν
459 1501 524 1562 τῇ
564 1493 724 1562 μητρὶ
765 1494 905 1562 μόνῃ
946 1493 1007 1544 τὸ
1047 1492 1200 1561 ὕδωρ
1241 1491 1472 1560 ἔμεινεν,
1523 1489 1653 1545 οὐδὲ
1693 1493 1896 1560 Δάφνη

214 1577 314 1646 μὲν
346 1579 620 1648 ἐγέννησε,
653 1579 858 1649 Δάφνη
892 1581 953 1633 δὲ
985 1579 1256 1633 ἀπέλαυσε
1289 1584 1530 1649 στήσασα
1561 1579 1687 1649 περὶ
1727 1580 1899 1648 αὑτὴν

214 1670 274 1721 τὸ
330 1670 527 1737 δῶρον,
584 1667 700 1720 ἀλλ’
753 1668 785 1736 ἡ
832 1669 934 1736 μὲν
980 1671 1173 1738 ἔφηνε,
1228 1667 1448 1737 μετέσχε
1504 1669 1565 1721 δὲ
1618 1670 1749 1738 μετὰ
1804 1676 1899 1736 τῆς

214 1757 464 1824 φηνάσης
512 1758 545 1825 ἡ
595 1759 749 1819 πόλις
801 1762 1030 1810 οἴκοθεν
1077 1758 1264 1810 οἴκαδε
1314 1766 1424 1809 τῶν
1475 1758 1730 1825 ναμάτων
1769 1758 1899 1825 δρα-

214 1847 447 1914 μόντων,
478 1843 569 1897 καὶ
601 1845 701 1898 οὐκ
734 1845 792 1898 ἐκ
815 1853 910 1914 τῆς
942 1846 1255 1915 ὑπερορίας,
1289 1845 1317 1898 ὃ
1344 1849 1551 1898 πολλοῦ
1578 1842 1678 1912 μὲν
1701 1847 1896 1913 πόνου,

215 1937 424 1987 πολλοῦ
487 1931 548 1986 δὲ
606 1935 876 1987 κινδύνου
931 1942 1025 2002 τῆς
1079 1933 1397 2003 ἐπικουρίας
1451 1933 1509 1986 ἐκ
1568 1941 1661 2002 τῆς
1716 1935 1897 1986 ἄλλων

216 2025 640 2091 φιλανθρωπίας
694 2021 1091 2092 αἰωρουμένης,
1145 2022 1585 2091 μηχανησάμενοι
1647 2019 1706 2074 δὲ
1763 2021 1897 2074 ὁδὸν

335 2217 357 2255 7
390 2212 495 2256 Eur.
529 2211 670 2255 Andr.
705 2215 802 2255 285.
858 2211 958 2256 Hel.
995 2216 1079 2255 676
1224 2216 1276 2254 21
1311 2210 1429 2254 Plat.
1463 2210 1639 2255 Menex.
1674 2226 1718 2266 p.
1754 2211 1899 2254 248A

335 2394 357 2431 1
390 2390 496 2444 post
527 2406 562 2432 ω
594 2389 642 2431 in
675 2387 856 2433 ἀπόλλω
887 2401 1049 2432 rasura
1082 2393 1106 2430 2
1139 2387 1402 2431 litterarum
1432 2387 1482 2430 in
1513 2388 1547 2430 I
1676 2393 1700 2430 2
1735 2390 1809 2432 δεῖ
1837 2387 1895 2443 δὴ

223 2448 419 2492 UIMOa
461 2453 467 2504 Ι
508 2446 648 2492 ὕδασι
679 2447 843 2504 scripsi
875 2460 900 2490 e
934 2449 1017 2491 Mo
1050 2447 1237 2490 auctore
1267 2446 1336 2490 Re
1410 2445 1547 2490 ὕδατι
1579 2446 1747 2502 reliqui
1786 2445 1895 2490 libri

216 2507 307 2549 edd
426 2511 451 2548 5
483 2504 712 2563 πείθομαι
734 2533 792 2538 -
816 2509 843 2549 8
866 2505 1161 2561 θεασάμενος
1192 2506 1308 2549 citat
1330 2504 1447 2548 Plan
1478 2504 1556 2548 fol.
1585 2509 1663 2548 99v
1785 2510 1810 2548 5
1837 2505 1894 2561 δὴ

223 2566 295 2621 ΠΙ
323 2565 470 2610 ἐκεῖνο
499 2566 563 2610 Ca
685 2569 708 2608 7
740 2563 892 2620 κρίσιν
923 2564 1047 2608 inser
1074 2564 1131 2608 1²
1253 2569 1305 2608 12
1339 2564 1482 2607 αὐτὸν
1508 2565 1593 2608 Mo
1625 2564 1706 2607 sed
1738 2580 1764 2606 ν
1797 2570 1895 2607 era‘-

216 2639 315 2668 sum
450 2628 503 2667 13
537 2624 706 2675 διειδὲς
737 2625 821 2668 Mo
865 2623 946 2667 sed
987 2623 1037 2666 in
1078 2637 1212 2679 marg
1252 2640 1307 2679 γρ
1351 2621 1539 2679 διαυγὲς
1581 2627 1585 2677 Ι
1629 2623 1806 2666 ώτατον
1845 2622 1894 2665 in

214 2683 532 2740 ποτιμώτατον
562 2682 612 2725 in
642 2695 804 2726 rasura
837 2687 862 2725 2
894 2681 990 2726 fere
1029 2681 1290 2726 litterarum
1314 2681 1371 2724 12
1507 2685 1562 2723 14
1594 2697 1643 2738 εχ
1681 2681 1730 2724 in
1769 2681 1895 2736 ἐγκε-

215 2740 459 2799 χρισμένον
497 2741 547 2784 in
577 2755 652 2785 ras
684 2741 749 2785 Ρ2
820 2739 1199 2799 ἐγκεχαρισμένον
1239 2741 1344 2784 UM
1377 2744 1382 2795 Ι
1420 2753 1539 2795 προσ
1578 2740 1628 2783 in
1666 2738 1896 2796 προσηνὲς

215 2801 264 2842 in
293 2813 369 2844 ras
393 2800 465 2844 Ρ*
499 2802 504 2856 Ι
539 2800 595 2844 οὔ
627 2826 682 2832 -
717 2803 770 2843 16
802 2798 1062 2843 ἀπέλαυσεν
1094 2799 1212 2843 citat
1240 2799 1359 2842 Plan
1388 2797 1467 2841 fol.
1495 2803 1575 2842 99ῚΓ
1689 2803 1743 2842 16
1774 2797 1893 2852 ἀπή-

215 2861 352 2903 λαυσε
393 2859 438 2904 U
472 2863 477 2914 Ι
520 2858 665 2915 αὐτὴν
697 2873 753 2903 ex
790 2857 936 2914 αὐτὴν
969 2872 1071 2902 corr
1092 2857 1227 2902 P²B²
1301 2850 1446 2913 αῧτὴν
1470 2858 1515 2901 A
1591 2857 1736 2912 αὐτὴν
1761 2854 1887 2900 Mea

275 2917 420 2974 αυτὴν
453 2918 497 2962 U
