2090 3162
227 654 244 684 5

274 142 382 194 534
829 141 1053 185 LIBANII
1087 141 1308 185 ORATIO
1342 143 1404 185 XI

273 278 458 346 ἀγῶνα
490 278 576 329 καὶ
610 279 867 344 βασιλεὺς
906 280 1071 344 ἔθηκε
1103 276 1193 329 καὶ
1225 279 1326 346 τὴν
1359 278 1529 330 αὑτοῦ
1562 281 1762 347 στολὴν
1794 278 1954 348 ἀφεὶς

272 368 370 433 τὴν
411 365 744 434 Ὀλυμπικὴν
792 368 1003 434 ἔλαβεν,
1059 365 1086 418 ὁ
1143 366 1206 418 δέ
1256 386 1337 428 τις
1384 365 1736 435 ἑλλανοδίκης
1788 369 1953 437 ὤφθη

270 454 361 507 καὶ
414 456 510 506 τὸν
563 453 621 507 ἐκ
673 455 889 524 δάφνης
940 454 1220 523 ἀμφέθετο
1273 454 1565 524 στέφανον,
1623 464 1956 523 κοσμοῦντες

271 543 408 611 ὁμοῦ
449 541 539 595 καὶ
579 544 949 611 κοσμούμενοι
987 553 1103 605 τοῖς
1143 543 1458 612 δρωμένοις.
1538 545 1585 596 εἰ
1625 542 1685 597 δὲ
1718 544 1955 608 Ἠλείοις

271 633 439 684 τᾶλλα
491 632 591 700 οὐχ
643 632 716 694 ὡς
768 634 962 702 ἄριστα
1002 632 1341 702 πράττουσιν
1379 633 1412 701 ἡ
1452 636 1760 703 πανήγυρις
1798 633 1955 703 φέρει

182 734 221 775 R.
243 737 326 775 365
360 741 412 772 τι
459 723 754 789 σχήματος,
801 724 858 773 τί
892 724 953 773 τό
994 741 1055 789 γε
1094 720 1357 789 ἡμέτερον
1396 725 1654 790 νομίζειν,
1690 721 1695 792 Ι
1732 725 1788 774 οἳ
1823 723 1955 791 μετὰ

204 1096 245 1128 10

204 1541 245 1572 15

270 818 364 877 τῆς
417 810 583 878 ἄλλης
636 812 799 878 τύχης
855 811 943 862 καὶ
998 818 1061 879 τῇ
1115 820 1225 862 τῶν
1272 808 1582 879 Ὀλυμπίων
1630 812 1955 881 φαιδρότητι

270 901 695 967 κεκρατήκαμεν;

380 986 501 1038 270.
567 989 701 1039 Τίνα
765 988 831 1055 δὴ
887 988 1058 1057 ταύτῃ
1119 989 1284 1039 πόλιν
1336 987 1711 1054 παραβάλλειν
1775 987 1954 1053 &geom

268 1085 378 1128 τῶν
416 1072 517 1143 μὲν
556 1077 659 1146 γὰρ
701 1075 1074 1144 ἀρχαιοτάτων
1114 1075 1589 1145 εὐδαιμονεστέρα,
1629 1077 1723 1139 τὰς
1763 1075 1823 1130 δὲ
1861 1097 1952 1143 με-

270 1162 426 1231 γέθει
466 1170 617 1234 νικᾷ,
657 1165 753 1226 τὰς
793 1161 854 1216 δὲ
893 1165 1143 1235 εὐγενείᾳ
1180 1165 1426 1234 πάρεισι,
1475 1166 1569 1227 τὰς
1610 1166 1670 1218 δὲ
1708 1171 1783 1236 τῷ
1815 1183 1954 1232 παμ-

270 1255 423 1323 φόρῳ
463 1260 556 1321 τῆς
596 1254 787 1323 χώρας.
863 1252 950 1305 καὶ
1001 1255 1110 1322 μὴν
1149 1249 1213 1321 ἧς
1250 1250 1352 1320 μὲν
1391 1254 1613 1322 ἡττᾶται
1652 1255 1786 1306 κατὰ
1825 1257 1956 1316 τοὺς

268 1344 505 1410 τοίχους,
536 1342 734 1410 ταύτης
764 1344 1026 1411 κρείττων
1059 1344 1268 1410 γίνεται
1299 1348 1374 1414 τῷ
1406 1362 1464 1395 τε
1503 1341 1717 1413 ἐνύδρῳ
1757 1343 1844 1395 καὶ
1884 1349 1960 1414 τῷ

269 1438 368 1483 τοῦ
415 1439 681 1499 χειμῶνος
727 1429 907 1501 ἡμέρῳ
955 1430 1046 1482 καὶ
1085 1437 1150 1500 τῇ
1189 1439 1300 1482 τῶν
1338 1429 1709 1484 ἐνοικούντων
1748 1430 1955 1483 ἀστειό-

270 1538 388 1586 τητι
434 1517 521 1571 καὶ
572 1526 638 1588 τῇ
684 1525 779 1586 τῆς
818 1520 1018 1587 σοφίας
1063 1518 1312 1586 ἀσκήσει,
1359 1527 1453 1587 τῆς
1493 1516 1553 1571 δὲ
1592 1521 1671 1572 ἔτι
1709 1521 1956 1586 μείζονος

268 1614 343 1679 τῷ
399 1608 670 1678 καλλίστῳ
724 1609 965 1660 καλλίων
1021 1605 1188 1675 ἐστίν,
1244 1605 1532 1677 Ἑλληνικῇ
1586 1609 1808 1678 παιδείᾳ
1863 1609 1954 1660 καὶ

270 1697 466 1764 λόγοις.
529 1696 651 1748 271.
692 1695 830 1758 ὅλως
869 1696 930 1749 δὲ
961 1697 1055 1758 τὰς
1093 1692 1196 1764 μὲν
1225 1696 1420 1766 μικρὰς
1459 1695 1722 1766 εὑρήσεις,
1760 1697 1854 1759 τὰς
1894 1693 1954 1748 δὲ

391 1891 411 1928 1
446 1885 606 1940 Polyb.
633 1885 781 1928 XXXI
806 1890 831 1929 3
859 1887 907 1930 et
929 1891 957 1929 4
990 1885 1115 1942 apud.
1140 1885 1308 1928 Athen.
1327 1885 1367 1928 V
1392 1889 1508 1929 1940
1527 1899 1591 1941 sq.
1723 1889 1748 1927 3
1782 1884 1952 1929 Simon.

268 1944 397 2047 3512}
422 1949 478 2046 ἒ8
503 1944 892 2047 ᾖσιῦὴίὸἷῗὸὲήξξ
910 1947 1027 2047 {HQ
1046 1949 1085 1988 2.
1118 1944 1331 2000 Append.
1360 1944 1504 2002 epigr.
1532 1949 1632 1999 308,
1651 1949 1692 1988 2.
1815 1949 1869 1988 12
1895 1943 1952 1990 cf.

389 2157 414 2195 2
443 2148 769 2208 Ἑλληνοδίκαι
801 2150 846 2196 οἱ
877 2152 1031 2207 κριταὶ
1064 2150 1108 2195 οἱ
1140 2151 1402 2208 καθήμενοι
1435 2150 1500 2201 εἰς
1530 2151 1638 2202 τοὺς
1670 2151 1855 2208 ἀγῶνας
1885 2150 1954 2195 Β’Ξ

390 2306 411 2342 1
440 2300 583 2343 αὐτοῦ
607 2300 932 2344 ΑΡΙΒΜοΟα
1001 2306 1144 2343 αυτοῦ
1180 2298 1223 2343 U
1337 2303 1361 2341 2
1389 2297 1556 2354 ὀλυμπι
1588 2298 1674 2355 κὴν
1710 2300 1754 2343 U
1819 2297 1953 2354 ὀλυμ-

267 2358 443 2414 πιακὴν
468 2360 502 2402 Ι
527 2358 609 2403 sed
640 2358 782 2415 πικὴν
815 2372 1041 2414 suprascr.
1075 2373 1133 2401 m.
1167 2371 1255 2402 rec.
1302 2361 1306 2411 Ι
1350 2357 1482 2415 ἔβαλε
1517 2358 1580 2402 Ca
1615 2359 1621 2413 Ι
1656 2355 1956 2407 ἑλλανοδίκας

277 2417 320 2461 U
443 2422 468 2460 3
509 2416 742 2473 στέφανον
786 2417 950 2474 scripsi
993 2430 1018 2460 e
1049 2416 1227 2461 BMGa
1268 2418 1316 2460 et
1357 2430 1489 2472 marg
1521 2416 1593 2459 1³⁶
1636 2430 1739 2459 cum
1779 2415 1952 2460 Cobeto

268 2476 435 2519 Mnem.
463 2475 504 2518 V
532 2481 612 2520 111
662 2475 792 2532 (Coll.
829 2478 930 2533 107)
963 2478 1010 2520 et
1042 2473 1197 2519 Gasda
1280 2474 1508 2532 σχήματος
1541 2474 1748 2520 CAPUI
1764 2475 1832 2518 Re
1878 2489 1955 2519 om

271 2537 375 2588 Mo,
416 2548 553 2591 quem
593 2535 802 2590 sequitur
831 2534 993 2579 Iacobs
1017 2534 1136 2579 Phil.
1162 2539 1248 2578 432
1324 2531 1377 2578 τὸ
1402 2560 1457 2566 -
1484 2539 1631 2591 σχῆμα
1662 2533 1777 2589 Mor,
1809 2550 1864 2590 γρ
1894 2533 1952 2578 τὰ
2027 2583 2044 2586 ,

269 2620 323 2626 —
358 2593 563 2651 σχήματα
594 2594 644 2637 in
674 2607 809 2650 marg
941 2597 968 2636 5
1000 2591 1043 2637 τ’
1078 2592 1192 2637 ἄλλα
1225 2595 1309 2637 Mo
1442 2596 1467 2635 6
1499 2589 1542 2636 τί
1575 2593 1650 2637 ΙΒ
1677 2596 1684 2648 Ι
1711 2590 1952 2649 νομιστέον

268 2651 341 2696 vel
368 2652 526 2712 (χρὴ)
552 2650 753 2709 νομίζειν
770 2658 790 2696 ?
814 2654 935 2709 (,,δεῑ
963 2651 1174 2697 additum
1203 2652 1407 2696 mallem“
1433 2651 1518 2707 Re)
1627 2653 1650 2694 7
1677 2648 1901 2707 ὀλυμπίωι
1925 2644 1958 2695 ἴ

329 2715 353 2754 9
396 2711 630 2769 σύγκρισις
666 2711 832 2755 titulus
867 2709 917 2755 in
956 2725 1090 2769 marg
1123 2708 1251 2756 CAB
1285 2713 1292 2767 Ι
1325 2716 1470 2754 ταῦτα
1496 2710 1623 2755 Mea
1696 2709 1810 2754 ταύτ
1847 2723 1952 2754 cum

267 2783 428 2814 rasura
458 2770 595 2813 unius
625 2770 812 2815 litterae
847 2768 890 2815 U
998 2772 1050 2813 11
1077 2766 1124 2814 δ’
1151 2767 1220 2812 Re
1281 2768 1466 2824 πάρεισι
1490 2768 1653 2825 scripsi
1685 2768 1951 2826 auctoribus

269 2829 338 2873 Re
354 2829 494 2873 Anim
518 2830 567 2873 et
590 2828 763 2873 Cobeto
787 2829 954 2872 Mnem.
973 2828 1016 2872 V
1042 2833 1123 2872 111
1147 2826 1230 2884 (Co
1272 2862 1281 2871 .
1302 2829 1403 2883 107)
1463 2825 1657 2883 παρίησι
1680 2827 1789 2871 libri
1814 2829 1878 2884 (ιη
1900 2824 1951 2868 in

267 2900 342 2930 ras
372 2889 455 2944 Μ)
499 2887 590 2932 edd
708 2892 795 2931 113
835 2885 1042 2944 γίγνεται
1084 2887 1252 2932 ΟΑΜο
1292 2887 1300 2945 Ι
1342 2886 1519 2942 εὐύδρω
1554 2887 1631 2942 Μ,
1679 2885 1856 2944 ἐνύδρῳ
1901 2884 1950 2927 in

267 2959 400 3003 marg
521 2950 575 2990 16
607 2953 696 2990 τῶν
729 2943 980 2990 καλλίστων
1014 2947 1098 2990 Mo
