2090 3162
166 658 183 687 ἵ)

206 147 315 197 475.)
763 145 990 188 LIBANII
1023 143 1245 187 ORATIO
1278 144 1340 186 XI

209 283 305 334 τὸν
338 281 568 350 ἀρχαῖον
599 283 888 348 κομίζεται,
927 281 1170 346 τοῦνομα
1202 280 1262 332 δὲ
1295 279 1429 349 αὐτῇ
1461 280 1596 347 πρὸς
1628 281 1687 332 τὸ
1728 276 1897 348 ἔργον

208 370 596 438 μεταβάλλεται
634 367 724 421 καὶ
759 367 1067 421 Ἐλευσινία
1106 369 1590 437 προσαγορεύεται.

323 458 441 509 110.
487 462 680 524 Θαῦμα
712 459 907 510 τοίνυν
939 457 1128 527 ἕτερον
1161 456 1247 509 ἐπὶ
1279 465 1373 524 τῆς
1413 457 1579 525 αὐτῆς
1617 459 1894 523 βασιλείας

208 548 590 615 παραπλήσιόν
629 565 685 598 τε
732 547 820 598 καὶ
862 547 928 598 οὐ
978 548 1364 615 παραπλήσιον
1402 552 1475 617 τῷ
1509 544 1776 616 προτέρῳ·
1824 552 1900 617 τῷ

209 632 309 700 μὲν
338 636 440 703 γαρ
476 629 617 687 εἶναι
649 633 774 704 περὶ
805 637 977 697 θεοὺς
1010 634 1361 703 συμφέρεται,
1393 642 1456 704 τῇ
1490 634 1550 686 δὲ
1581 644 1690 687 τῶν
1722 632 1897 697 ξένων

211 725 376 791 δεῦρο
417 723 738 791 μεταστάσει
779 722 1038 791 διέστηκε.
1108 723 1280 793 σαφὲς
1320 720 1379 775 δὲ
1419 723 1447 775 ὅ
1489 742 1629 791 φημι
1666 726 1893 792 ποιήσω.

120 825 266 866 R307
307 811 425 863 111.
482 811 541 864 ἐν
587 813 796 883 Κύπρῳ
851 811 975 864 θεοὶ
1029 813 1325 880 τιμώμενοι
1363 812 1367 880 Ι
1403 812 1503 879 τὴν
1554 812 1783 882 Κύπρον
1838 811 1891 874 ἐξ

141 1099 183 1130 10

140 1541 181 1573 15

208 900 445 970 ὅσουπερ
508 897 578 967 ἦν
630 905 1065 969 κληρουχοῦντες
1126 896 1281 953 οὗτοι
1339 902 1503 968 τῆσδε
1565 908 1659 968 τῆς
1712 902 1894 970 χώρας

208 987 565 1057 ἐπεθύμησαν
602 988 692 1042 καὶ
732 990 1025 1057 ἠπείγοντο
1066 997 1353 1055 μετοικεῖν.
1423 987 1749 1058 ἐμβαλόντες
1789 985 1896 1042 οὖν

208 1078 306 1145 τὴν
357 1080 519 1130 πόλιν
571 1079 648 1140 εἰς
699 1079 887 1147 χρείαν
934 1085 1032 1130 τοῦ
1074 1081 1268 1131 Πυθοῖ
1317 1080 1578 1146 μαντείου
1628 1079 1894 1130 πείθουσι

206 1167 303 1218 τὸν
330 1164 570 1218 Ἀπόλλω
622 1167 784 1218 λύσιν
834 1168 966 1234 μίαν
1016 1174 1127 1218 τῶν
1175 1167 1458 1235 δυσχερῶν
1508 1165 1741 1234 ἀνελεῖν,
1791 1168 1895 1235 τὴν

206 1263 317 1306 τῶν
357 1253 418 1307 ἐν
457 1255 668 1326 Κύπρῳ
720 1260 872 1307 θεῶν
919 1255 990 1317 ὡς
1036 1254 1174 1322 ἡμᾶς
1224 1256 1553 1323 μετοίκησιν.
1634 1255 1751 1306 112.
1802 1256 1891 1307 καὶ

206 1342 403 1410 πέμπει
443 1345 510 1412 δὴ
552 1341 625 1395 δι’
662 1338 740 1395 ὧν
779 1345 965 1412 ἤλπιζε
1005 1343 1230 1412 δράσειν
1260 1350 1423 1396 τοῦτο
1455 1342 1484 1395 ὁ
1518 1345 1776 1411 βασιλεὺς
1815 1345 1896 1406 εἰς

205 1433 306 1499 τὴν
345 1440 534 1500 νῆσον.
602 1432 676 1494 ὡς
715 1430 765 1483 δ’
805 1430 919 1484 οὔτ’
958 1431 1264 1499 ἀφελέσθαι
1303 1441 1554 1500 φανερῶς
1594 1430 1726 1500 ἐνῆν
1765 1433 1894 1484 οὔτε

210 1519 493 1590 διορύξασι
525 1523 741 1588 λαθεῖν,
772 1529 1120 1589 μηχανῶνται
1151 1521 1370 1572 τοιόνδε
1401 1536 1474 1572 τι·
1514 1517 1728 1588 ἔφασαν
1758 1521 1890 1588 βού-

207 1612 404 1662 λεσθαι
466 1607 583 1661 κατ’
645 1613 797 1677 ἴχνος
850 1617 961 1661 τῶν
1017 1608 1218 1660 αὐτόθι
1279 1613 1432 1660 θεῶν
1486 1609 1893 1677 δημιουργῆσαι

207 1698 428 1760 τύπους.
491 1706 602 1749 τῶν
633 1697 694 1749 δὲ
725 1694 972 1764 ἐφέντων
1003 1698 1319 1765 φιλοπόνως
1349 1697 1521 1749 νύκτα
1551 1695 1642 1748 καὶ
1681 1696 1890 1767 ἡμέραν

208 1784 375 1853 ἔξεον,
424 1786 475 1837 οἱ
525 1783 575 1837 δ’
623 1786 785 1854 ἱερεῖς
832 1784 1188 1838 ἀνεπαύοντο.
1264 1793 1377 1847 τοῖς
1425 1785 1781 1853 δημιουργοῖς
1829 1783 1890 1839 δὲ

205 1875 343 1941 πρὸς
382 1881 650 1926 τοσοῦτον
690 1875 1033 1944 διηκριβώθη
1074 1874 1134 1925 τὸ
1175 1881 1270 1940 τῆς
1308 1875 1601 1942 μιμήσεως,
1649 1874 1785 1927 ὥστε
1824 1876 1891 1927 τὰ

138 1986 156 2015 2
206 1960 306 2031 μὲν
338 1962 766 2030 ἀνασπάσαντες,
804 1963 870 2014 τὰ
909 1962 970 2015 δὲ
1009 1962 1563 2030 ἀντικαταστήσαντες
1602 1961 1892 2030 ἐνέβαινον

207 2052 283 2114 εἰς
322 2052 417 2114 τὰς
463 2058 600 2113 ναῦς
646 2049 708 2103 ἐν
747 2051 1063 2120 ὀφθαλμοῖς
1101 2052 1388 2120 Κυπρίων,
1435 2052 1501 2103 τὰ
1545 2052 1750 2103 παλαιὰ
1786 2048 1891 2118 μὲν

478 2286 534 2325 779
1355 2310 1359 2316 .

325 2333 350 2372 3
383 2329 526 2373 αὐτοῦ
558 2329 604 2373 Β
740 2332 766 2370 4
798 2331 860 2388 τῷ
892 2328 1027 2386 (2)]τὸ
1053 2330 1099 2372 Β
1235 2332 1259 2371 6
1294 2327 1438 2384 σαφὲς
1470 2355 1525 2360 -
1557 2327 1735 2383 ποιήσω
1772 2329 1891 2372 citass

205 2416 323 2459 Plan
355 2415 434 2459 f01.
463 2421 517 2460 99
663 2420 685 2459 7
721 2414 879 2469 ἐξότου
922 2417 993 2461 UI
1070 2416 1117 2468 ἐξ
1150 2403 1260 2460 ὅέου
1293 2419 1377 2460 Mo
1519 2419 1545 2459 8
1586 2416 1703 2461 οὕτω
1739 2418 1804 2462 oa
1818 2417 1890 2460 Re

266 2480 291 2518 9
324 2475 626 2532 ἐπεθύμκησαν
655 2501 713 2507 -
746 2473 1018 2533 ἐμβαλόντες
1048 2488 1122 2518 om
1150 2475 1251 2519 Mor
1279 2476 1284 2533 Ι
1311 2476 1410 2533 καὶ]
1443 2472 1550 2518 ὥστ’
1571 2481 1591 2519 ‘?
1625 2475 1825 2521 Sintenis

267 2539 319 2577 11
353 2550 412 2577 να
443 2536 551 2590 post
581 2551 615 2578 ω
648 2534 698 2577 in
737 2531 919 2578 ἀπόλλω
959 2534 1084 2578 inser
1116 2534 1223 2579 Mo²
1373 2538 1426 2576 12
1459 2531 1711 2590 μετοίκισιν
1743 2533 1891 2585 Cobet,

204 2592 374 2637 Mnem.
391 2591 434 2636 V
452 2597 535 2636 107
553 2592 684 2649 (0011.
705 2595 806 2650 103)
922 2597 1134 2636 13’τοῦτο
1160 2592 1348 2648 δράσειν
1372 2593 1578 2637 IBMCa
1695 2599 1748 2637 15
1775 2594 1886 2640 &vo-
1925 2611 1929 2616 ’

207 2651 370 2707 ρύξασι
402 2664 541 2708 supra
572 2652 814 2707 διορύξασι
839 2651 946 2696 Mo²
979 2654 985 2707 Ι
1019 2653 1177 2710 λαβεῖν
1207 2652 1256 2695 in
1286 2664 1420 2708 marg
1452 2651 1560 2696 Mo²
1693 2657 1744 2696 17
1777 2653 1890 2704 τοὺς

1440 2725 1475 2753 π
1506 2710 1556 2760 ὸς

204 2769 378 2819 τύπους
410 2768 585 2813 BMOa
634 2769 640 2827 Ι
690 2766 957 2825 φιλοπόνως
997 2769 1122 2812 inser
1150 2768 1209 2812 1²
1358 2773 1412 2812 19
1453 2727 1520 2820 εἷς
1549 2770 1594 2814 A
1677 2769 1743 2820 εἰς
1770 2769 1839 2813 Re
1874 2769 1883 2827 Ι

209 2827 500 2886 διηκριβώθη
533 2840 587 2871 ex
626 2828 870 2886 ἠκριβώθη
903 2841 1004 2871 corr
1033 2827 1091 2871 1²
1155 2827 1406 2885 ,ἠκριβώθη
1449 2829 1493 2872 U
1619 2833 1674 2872 20
1706 2828 1886 2886 ἐνέβαι-

205 2901 290 2930 νον
315 2886 361 2930 Ρ
388 2886 470 2930 sed
501 2899 642 2942 supra
674 2887 696 2931 ἐ
722 2899 885 2930 rasura.
915 2886 1052 2929 unius
1082 2886 1282 2939 litterae,
1309 2888 1394 2930 Mo
1425 2887 1506 2930 sed
1531 2887 1561 2929 ἀ
1594 2901 1732 2943 supra
1764 2887 1787 2931 ἐ
1813 2886 1886 2929 m²

266 2943 518 3003 ἀνέβαινον
557 2945 632 2989 UI
656 2945 737 2989 sed
767 2945 817 2988 in
847 2945 935 2989 hoc
969 2945 990 2989 ἐ
1021 2958 1162 3002 supra,
1193 2945 1224 2988 ἀ
1254 2945 1324 2988 m⁸
