2090 3162
162 253 214 292 61

262 104 367 154 378
790 104 1016 146 LIBANII
1049 103 1271 147 ORATIO
1304 104 1408 147 VIII

366 245 445 290 16.
481 241 834 290 Oxoniensis
875 244 1125 306 collegii
1164 244 1611 292 Lincolniensis
1649 246 1714 292 25
1749 245 1940 292 charta-

251 333 363 364 ceus
412 318 597 364 formae
638 319 840 364 octavae
881 318 1063 364 saeculi
1103 317 1193 363 XV
1233 318 1472 378 ineuntis,
1528 319 1647 366 olim
1698 317 1941 381 Georgii

251 391 514 438 Wheleri
556 391 776 438 canonici
815 391 1161 438 Dunehnensis
1179 385 1235 456 ¹),
1275 393 1518 439 continet:

362 465 444 511 fol.
491 468 513 510 1
559 471 645 511 τοῦ
699 462 851 512 αὐτοῦ
890 465 1115 528 λιβανίου
1156 462 1340 527 μελέται
1380 459 1503 531 RQ)
1545 464 1602 513 τὰ
1642 473 1727 529 τῆς
1766 485 1792 529 ρ
1813 506 1940 514 .....

251 546 342 602 κῆς
383 532 667 604 (ῥητορικῆς
684 533 731 604 22)
773 537 1188 603 προγυμνάσματα
1228 532 1405 604 (rubr.)

370 611 434 659 Οἱ
469 611 608 660 λύκοι
647 611 779 676 παρὰ
817 619 913 660 τῶν
952 611 1212 677 προβάτων
1287 614 1339 659 in
1378 629 1518 676 maig
1559 617 1724 676 μῦθος
1763 611 1944 677 ηθικός

350 680 551 776 Ἕτερος
589 683 769 749 ἠθικός
811 679 1013 751 (1111)1.;)
1054 684 1246 749 Σεμνὸς
1285 678 1349 749 ἦν
1389 683 1414 734 ὃ
1457 686 1603 744 ἴππος
1645 681 1762 753 (sic)

369 762 426 806 1V
465 758 621 823 ἕτερος
659 758 840 823 ηθικός
881 754 1288 826 (r.ubr):’'1⁴360‘gs
1327 767 1391 807 τῶ
1433 758 1500 808 διὶ

370 835 398 880 2
464 833 679 898 διήγημα
719 832 1018 898 δραματικόν
1052 827 1252 900 (rubr.):
1292 834 1592 898 Δηιάνειραν

461 906 623 972 ε’τερον
663 906 961 974 δραματικόν
1009 901 1209 999 (11111191
1255 901 1471 966 Ἀκούεις
1510 905 1668 966 ἄνθος
1709 908 1942 958 ἰάκινθον

462 979 621 1045 ἕτερον
661 980 957 1046 δραματικὸν
996 980 1078 1029 καὶ
1118 980 1235 1030 αὐτό
1275 975 1682 1048 (1’.;111)1)’Ἐρως
1730 980 1938 1031 άπτεται.

461 1055 592 1120 χρεία
623 1056 952 1120 πραγματικήτ
987 1050 1301 1120 Ἀλέξανδρος
1333 1054 1597 1120 ἐρωτηθεὶς
1628 1056 1759 1121 παρά
1790 1075 1938 1120 τινος,

252 1136 351 1177 ποῦ
391 1126 452 1176 ἂν
491 1127 588 1193 ἔχοι
628 1128 740 1187 τοὺς
778 1128 1084 1193 θησαυροὺς,
1123 1128 1237 1188 τοὺς
1276 1130 1451 1191 φίλους
1489 1127 1749 1188 ὑπέδειξεν.

365 1205 500 1251 Inter
538 1204 621 1250 fol.
658 1206 714 1250 2ν
754 1203 883 1265 quod
923 1204 1101 1251 desinit
1140 1204 1300 1251 verbis
1348 1200 1624 1268 ἡγούμενον
1664 1201 1715 1252 δὲ
1755 1203 1937 1267 πλήθει

257 1279 426 1339 857,1
463 1280 512 1325 61]
549 1278 632 1325 fol.
662 1279 690 1325 3
727 1278 856 1339 quod
894 1277 1070 1339 incipit
1101 1277 1262 1325 verbis
1303 1277 1460 1340 φαίην
1500 1275 1694 1342 μέγιστα
1730 1279 1939 1338 858,29

254 1369 408 1399 unum
447 1351 623 1399 folium
664 1352 861 1414 excidit,
910 1353 1038 1399 inber
1081 1352 1254 1398 folium
1296 1353 1352 1399 3v
1393 1352 1522 1412 quod
1561 1351 1740 1400 desinit
1779 1352 1940 1401 verbis

255 1433 503 1490 φρονῆσαι
552 1424 866 1491 παραπλήσια
907 1427 1028 1486 860,
1063 1427 1128 1473 25
1183 1428 1231 1473 613
1280 1425 1456 1472 folium
1496 1427 1527 1472 4
1582 1426 1714 1487 quod
1764 1427 1941 1488 incipit

256 1500 417 1548 verbis
464 1503 564 1557 τοῖς
611 1497 663 1548 δέ
699 1517 752 1564 γε
799 1497 914 1547 οὐδέ
955 1500 1171 1560 869,14
1213 1500 1426 1561 quinque
1472 1500 1594 1546 folia
1643 1499 1939 1561 exciderunt,

258 1590 467 1635 quorum
497 1574 800 1635 paenultimo
833 1573 1031 1620 initium
1063 1573 1226 1620 chriae
1253 1566 1529 1637 Ἰσοκράτης
1563 1567 1710 1638 (867,
1738 1567 1792 1638 3)
1827 1589 1936 1622 con-

257 1647 522 1695 tinebatur.
584 1647 719 1695 Haec
751 1647 930 1695 desinit
967 1647 1050 1694 fol.
1080 1649 1106 1694 7
1151 1647 1337 1694 ultimis
1370 1647 1530 1695 verbis
1570 1644 1602 1694 ἃ
1642 1646 1703 1710 δὴ
1743 1647 1942 1710 θαυμά-

259 1723 402 1784 ζομεν
444 1722 673 1781 875,13.
753 1721 979 1769 Succedit
1025 1718 1158 1784 ἑτέρα
1203 1720 1335 1786 χρεία
1376 1715 1554 1786 (rubr.)
1596 1720 1738 1784 μικτὴ
1785 1719 1943 1786 ἤγουν

259 1794 567 1860 πραγματικὴ
607 1793 687 1843 καὶ
726 1794 916 1860 λογική·
957 1792 1196 1860 Διογένης
1237 1794 1487 1858 μειράκιον
1527 1793 1647 1843 ἰδὼν
1686 1793 1943 1858 ἀτακτοῦν,

262 1869 347 1918 τὸν
387 1867 700 1934 παιδαγωγὸν
739 1867 936 1917 ἔπαισεν
977 1868 1145 1932 εἰπών,
1185 1868 1232 1916 τί
1266 1866 1357 1933 γὰρ
1398 1875 1596 1917 τοιαῦτα
1634 1868 1872 1927 παιδείας.

376 1945 433 1990 9v
471 1943 640 2008 γνώμη
674 1940 1018 2007 ἀποτρεπτική·
1061 1940 1120 1990 οὐ
1152 1940 1241 2007 χρὴ
1274 1942 1546 2007 παννύχιον
1577 1940 1738 1991 εὕδειν
1769 1943 1945 2007 βουλη-

270 2016 430 2082 φόρον
468 2014 626 2082 ἅνδρα
665 2010 1006 2083 (875—879)

380 2093 446 2138 12
488 2089 753 2154 ἀνασκευὴ,
793 2089 864 2139 ’ὅτι
904 2089 996 2139 οὐκ
1034 2089 1163 2149 εἰκὸς
1194 2089 1278 2140 τὸν
1309 2089 1496 2156 χρύσην
1527 2089 1597 2148 εἰς
1628 2089 1949 2152 ναύσταθμον

269 2163 436 2213 ἐλθεῖν
474 2172 571 2212 τῶν
610 2163 824 2228 ἓλλήνων
865 2158 1204 2230 (881—884)

385 2239 449 2286 13
491 2236 789 2302 κατασκευὴ,
837 2237 910 2286 ὅτι
947 2236 1108 2286 εἰκότα
1146 2237 1203 2286 τὰ
1242 2236 1362 2286 κατὰ
1401 2237 1490 2301 τὴν
1529 2236 1688 2301 κρίσιν
1727 2243 1824 2284 τῶν
1863 2242 1949 2285 τοῦ

269 2309 496 2376 ἆχιλλέως
536 2311 699 2360 ὅπλων
739 2306 1080 2378 (884—888)

382 2387 475 2433 14ν
513 2385 680 2444 κοινὸς
717 2385 866 2444 τόπος
903 2384 1024 2434 κατὰ
1062 2385 1306 2451 προδότου
1346 2379 1685 2452 (901-908)

386 2461 478 2506 171
517 2457 674 2524 ἕτερος
720 2458 885 2517 κοινὸς
923 2458 1071 2518 τόπος
1118 2457 1239 2508 κατὰ
1279 2458 1446 2523 ἰατροῦ
1486 2455 1779 2522 φαρμακέως
1817 2458 1949 2505 lacu-

268 2548 416 2582 nosus
456 2533 637 2581 desinit
674 2533 835 2583 verbis
873 2532 1037 2596 νόμιζε
1075 2531 1251 2592 ἐξεῖναι
1293 2534 1412 2594 910,
1442 2534 1486 2580 1.

385 2607 478 2654 18γ
517 2604 756 2671 ἐγκώμιον
793 2606 974 2672 γάμου·
1030 2607 1129 2655 Inc.
1164 2600 1278 2654 Ἐπὶ
1315 2609 1508 2654 πολλῶν
1543 2601 1631 2668 μὲν
1662 2605 1692 2651 1.
1719 2619 1759 2661 c.
1797 2601 1951 2667 θέσις,

268 2679 315 2728 εἰ
350 2678 592 2745 γαμητέον
667 2681 765 2729 des.
805 2681 966 2729 verbis
1005 2683 1176 2745 γαμεῖν
1214 2682 1496 2744 προσῆλθεν
1539 2680 1694 2738 1062,
1720 2679 1750 2725 8

391 2853 432 2908 1)
465 2850 611 2895 Catal.
645 2851 743 2894 cod
776 2850 912 2908 Angl.
946 2852 994 2894 eb
1024 2850 1214 2894 Hibern
1247 2849 1289 2893 11
1320 2864 1362 2894 n.
1397 2853 1524 2892 9114.
1558 2853 1627 2892 43.
1683 2847 1783 2891 Act.
1809 2844 1951 2890 Acad.

270 2907 420 2953 Berol.
458 2914 586 2964 1885,
619 2914 717 2954 903
