2090 3162
128 1521 185 1559 42

227 114 335 165 334
771 113 997 156 LIBANII
1029 113 1368 157 ORATIONES

341 256 441 300 112
507 261 594 301 τοῦ
634 252 786 302 αὐτοῦ
825 254 1050 318 λιβανίου
1090 254 1308 317 μονωδία
1348 252 1426 302 ἐπὶ
1465 255 1750 318 νικομηδεία
1808 255 1909 303 des.

225 329 308 375 fol.
348 329 488 374 1165

340 404 439 448 116
505 401 655 465 στίχοι
687 408 773 449 τοῦ
806 401 1093 462 σοφωτάτου
1127 402 1482 466 μητροπολίτου
1513 400 1722 465 ἀθηνῶν
1750 410 1911 468 κυροῦὲ

225 474 402 539 μιχαὴλ
447 482 533 523 τοῦ
579 475 807 539 χονιάτου
854 473 931 523 ἐπὶ
978 482 1036 539 τῆ
1083 473 1333 541 ἀρχετύπω
1381 474 1688 541 ἀνιστορήσει
1726 475 1910 541 αὐτῶν,

223 548 434 597 τουτέστι
474 556 559 612 τῆς
598 547 781 607 πόλεως
820 556 916 597 τῶν
955 547 1187 612 ἀθηνῶνε

334 624 587 685 multaque
628 624 729 670 alia
770 639 895 685 quae
934 624 1024 670 hoc
1064 624 1171 671 loco
1210 639 1459 671 recensere
1501 624 1705 687 longum
1745 626 1829 671 est.

336 697 495 745 Codex
535 714 564 744 a
603 698 806 745 Morello
860 697 1109 746 adhibitus
1161 700 1255 758 est,
1306 701 1362 744 ut
1412 699 1570 745 elucet
1610 715 1634 745 e
1684 701 1803 746 nota
1853 698 1906 745 in

221 773 445 834 margine
485 772 713 832 apposita
751 772 835 818 fol.
866 773 929 818 15
966 772 1027 818 ad
1059 778 1471 836 προσφωνητικοῦ
1502 771 1651 819 verba
1686 779 1774 836 γᾶς
1814 770 1907 820 οὐκ

222 843 510 912 ἐλεφαντίνη
550 848 645 892 κτλ.
679 846 703 892 Ι
728 847 851 905 406,
880 849 907 893 9
934 846 999 892 R:
1039 847 1099 893 F.
1132 847 1292 894 Morel
1330 864 1402 911 γρ.
1442 863 1539 910 παρ
1579 843 1775 909 ἡφαιστ.
1815 853 1907 911 γᾶς

221 917 541 981 ἐλεφαντίναν
580 917 734 983 λαβὰν
773 917 837 967 τὼ
878 919 1043 981 ξίφεος
1081 917 1375 984 χρυσοδέταν
1406 918 1544 984 ἔχων,
1586 935 1735 981 quam
1773 920 1905 967 idem

220 994 273 1039 in
328 992 540 1040 editione
595 993 739 1040 huius
794 993 1032 1042 orationis
1095 1009 1117 1042 c
1172 995 1357 1041 duobus
1377 988 1417 1058 ¹)
1464 994 1611 1054 Rcyis
1662 995 1906 1042 codicibus

222 1083 348 1114 anno
394 1069 534 1116 1610
585 1068 718 1114 facta
778 1071 827 1114 et
875 1069 926 1114 in
968 1065 1110 1129 Oper.
1150 1069 1184 1114 t.
1225 1068 1275 1114 II
1318 1070 1419 1115 173
1479 1068 1732 1131 repetivit,
1784 1069 1833 1115 et
1879 1085 1905 1115 e

219 1143 340 1188 nota
389 1141 440 1188 in
491 1157 643 1204 marg.
684 1141 767 1188 fol.
812 1143 879 1189 70
931 1142 994 1188 ad
1044 1139 1302 1203 ἐπιτάφιον
1349 1140 1601 1190 ἰουλιανοῦ
1653 1142 1904 1203 apposita:

219 1215 278 1263 F.
298 1215 489 1263 Morcll.
530 1212 860 1263 ἀτιτάλλουσα.
916 1215 1084 1262 Etiam
1122 1215 1357 1263 lectiones
1389 1215 1451 1262 ad
1484 1218 1758 1263 orationem
1796 1213 1905 1280 περὶ

219 1285 486 1351 ἀπληστίας
531 1289 582 1335 in
633 1289 855 1352 margine
891 1288 1179 1350 compendio
1218 1308 1289 1355 γρ.
1330 1289 1573 1337 indicatas
1613 1290 1715 1336 sine
1755 1288 1904 1337 dubio

220 1379 278 1410 ex
315 1363 407 1410 hoc
447 1363 610 1411 codice
651 1365 873 1424 sumpsit.
937 1364 1104 1411 Etiam
1136 1364 1488 1411 Boissonadius
1529 1380 1641 1411 eum
1680 1363 1902 1411 contulit.

221 1437 332 1498 Ipse
374 1453 502 1484 anno
546 1438 687 1485 1880
726 1437 929 1498 inspexi.

335 1512 416 1557 27.
456 1510 770 1558 Parisinus
811 1529 881 1574 gr.
910 1512 1049 1558 2577
1070 1513 1115 1558 A
1155 1513 1440 1559 chartaceus
1478 1512 1665 1559 formae
1699 1514 1902 1559 octavae

218 1584 420 1632 maioris
461 1584 642 1632 saeculi
667 1585 759 1631 XV
796 1601 922 1633 unus
963 1601 988 1632 e
1027 1585 1274 1634 codicibus
1315 1586 1399 1647 qui
1432 1601 1559 1632 anno
1596 1587 1737 1633 1740
1779 1584 1902 1632 Con-

220 1658 547 1720 stantinopoli
584 1659 636 1706 in
675 1659 882 1722 Regiam
931 1658 1283 1707 bibliothecam
1329 1659 1459 1707 illati
1509 1662 1637 1719 sunt,
1684 1659 1904 1706 continet

217 1734 331 1794 post
369 1732 613 1780 Manuelis
652 1733 958 1796 Moschopuli
998 1733 1437 1797 schedographiam

329 1807 412 1854 fol.
457 1809 557 1855 101
600 1805 838 1855 εὐναπίου
890 1805 943 1855 ἐκ
980 1814 1066 1855 τοῦ
1115 1807 1310 1872 βιβλίου
1349 1814 1435 1855 τοῦ
1486 1804 1901 1872 ἐπιγεγραμμένου

218 1879 317 1944 βίοι
350 1887 619 1942 σοφιστῶνι
651 1901 708 1920 ω
740 1880 958 1946 λιβάνιος
983 1875 1136 1948 (rubr.
1161 1883 1218 1928 ut
1250 1897 1416 1929 omnes
1448 1881 1586 1928 tituli
1619 1874 1898 1947 sequentes)

332 1955 433 2002 102
498 1954 773 2018 λιβανίου
814 1963 1102 2017 σοφιστοῦ
1140 1953 1271 2020 περὶ
1309 1952 1634 2018 ἀπληστίας

333 2029 434 2076 103
499 2028 658 2093 ψόγος
697 2025 846 2094 ὀργῆς

332 2103 462 2150 105v
499 2101 616 2166 βοὸς
655 2100 896 2168 ἐγκώμιον

330 2177 431 2224 107
497 2175 747 2241 σύγκρισις
784 2174 938 2242 ἀγροῦ
976 2174 1058 2224 καὶ
1095 2176 1280 2236 πόλεως

331 2250 434 2297 108
497 2248 730 2315 ἕκφρασις
769 2250 956 2316 δρόμου
994 2257 1090 2299 τῶν
1130 2247 1306 2316 ἡρώων

331 2324 460 2371 108*
763 2322 925 2389 ἑτέρας
962 2331 1157 2390 γραφῆς

330 2398 432 2445 109
761 2396 900 2462 ἔαρος
937 2402 1254 2466 συγγραφικῷ
1286 2405 1548 2463 χαρακτῆρι

329 2472 459 2518 109*
761 2471 1019 2519 καλανδῶν

331 2546 461 2592 110*
579 2586 582 2588 Α
765 2542 923 2609 μέθης

330 2619 428 2665 111
505 2648 519 2675 ‘.
713 2660 718 2666 .
759 2616 974 2682 πολέμου

331 2693 460 2739 111*
763 2690 918 2756 αὐλῆς
955 2698 1043 2756 τῆς
1081 2691 1134 2741 ἐν
1171 2697 1236 2761 τῷ
1269 2692 1598 2762 βουλευτηρίῳ

330 2766 432 2812 112
497 2763 569 2813 ὅτι
606 2763 659 2813 τὸ
697 2769 922 2815 πλουτεῖν
961 2763 1142 2824 ἀδίκως
1186 2773 1273 2815 τοῦ
1319 2764 1555 2815 πένεσθαι
1592 2762 1892 2831 ἀθλιώτερον

335 2921 378 2977 1)
408 2919 542 2964 Alter
570 2919 664 2964 fuit
692 2919 794 2964 Par.
827 2936 893 2978 gr.
928 2925 1058 2975 3035,
1090 2921 1203 2965 olim
1233 2920 1662 2966 Fonteblandensin.
