2090 3162
228 148 333 201 358
794 147 1021 191 LIBANII
1051 146 1273 191 ORATIO
1305 147 1369 191 VI

228 283 301 353 γ’,
335 286 456 352 ἔφη,
495 285 573 351 μὴ
606 284 926 352 μακάριόν
955 302 1028 351 με
1059 287 1298 351 καλεῖν,
1333 283 1489 353 πρὶν
1523 281 1598 335 ἂν
1629 281 1734 335 καὶ
1768 283 1908 335 οἵδε

229 372 635 440 ἀπέλθωσιν,
677 372 862 440 εἰπών,
902 366 980 423 ὧν
1020 373 1095 433 εἰς
1133 372 1227 433 τὰς
1267 371 1459 433 οὐσίας
1505 370 1763 440 ἐκεχήνει.

343 462 424 512 12.
466 464 732 513 Τοιοῦτον
764 462 832 512 ἄν
863 478 915 512 τι
953 460 1128 512 πάθοι
1166 458 1257 512 καὶ
1297 461 1597 528 στρατηγὸς
1635 461 1771 529 τύχῃ
1809 457 1912 528 μὲν

228 551 405 618 μάχην
436 549 749 617 νενικηκώς,
789 548 855 601 οὐ
888 550 1197 615 συλλαβεῖν
1217 548 1277 601 δὲ
1309 548 1482 617 αὐτήν
1514 549 1565 600 οἱ
1605 547 1783 615 λέγων
1815 549 1906 600 διὰ

186 659 204 691 5
228 639 288 691 τὸ
328 639 399 706 μὴ
438 637 529 690 καὶ
573 639 947 707 διαπορθῆσαι
992 645 1103 689 τῶν
1141 639 1418 703 πολεμίων
1456 638 1556 704 τὴν
1596 639 1771 690 πόλιν.
1849 637 1910 689 τὸ

139 739 289 783 R244
322 727 383 779 δὲ
433 729 619 780 κλῖναί
655 727 662 796 Ι
696 746 753 779 τε
805 727 1114 795 φάλαγγας,
1155 723 1196 779 ὦ
1231 724 1416 794 ’γαθέ,
1464 726 1552 778 καὶ
1591 726 1916 790 καταδιῶξαι

229 817 439 886 τρῶσαί
487 835 543 868 τε
596 814 687 868 καὶ
738 823 1100 883 κατενεγκεῖν,
1152 817 1231 867 ἔτι
1283 811 1343 867 δὲ
1394 816 1696 868 σκυλεῦσαί
1729 834 1786 867 τε
1824 813 1918 867 καὶ

232 905 430 956 δοῦναι
462 906 694 973 νεκροὺς
718 902 1015 956 ἀνελέσθαι
1046 904 1118 972 μὴ
1149 900 1489 971 βουλομένης
1521 902 1590 956 ἂν
1614 901 1915 973 ἐπέπρακτο

226 1000 322 1061 τῆς
369 993 565 1061 Τύχης;

165 1103 210 1135 10
350 1080 431 1133 13.
504 1077 646 1134 Οἶδα
708 1078 768 1133 δὲ
828 1078 998 1154 ἔγωγε
1051 1079 1142 1133 καὶ
1203 1080 1474 1151 ἐμπόρους
1534 1084 1758 1142 πολλοῖς
1817 1077 1919 1149 μὲν

229 1170 564 1238 ὡμιληκότας
622 1169 854 1239 λιμέσιν,
911 1169 1080 1232 ἐνίοις
1131 1166 1192 1222 δὲ
1239 1170 1363 1239 οὐχὶ
1418 1168 1763 1237 δυνηθέντας
1817 1169 1917 1221 οὐκ

229 1257 410 1328 ἀγαθῇ
462 1259 595 1328 τύχῃ
647 1258 1008 1312 πεπλευκέναι
1060 1257 1343 1327 λέγοντας,
1392 1258 1475 1310 ὅτι
1522 1259 1593 1326 μὴ
1643 1255 1735 1310 καὶ
1783 1255 1917 1310 ἐκεί-

227 1366 360 1408 νοις.
445 1347 505 1399 τὸ
559 1344 619 1400 δὲ
674 1349 887 1416 πολλὴν
933 1346 1050 1416 μέν,
1106 1344 1147 1400 ὦ
1202 1347 1471 1416 βέλτιστε,
1525 1347 1807 1399 θάλατταν
1861 1344 1914 1409 ἐξ

229 1434 436 1506 οὐρίων
492 1437 832 1507 διαδραμεῖν,
895 1437 988 1489 διὰ
1039 1428 1261 1489 πολλῶν
1315 1432 1377 1488 δὲ
1431 1434 1707 1505 ἐμποριῶν
1759 1436 1915 1502 μείζω

163 1545 205 1578 15
230 1532 561 1592 καταστῆσαι
611 1526 677 1577 τὰ
723 1527 856 1578 ὄντα
903 1525 1004 1578 οὐκ
1053 1523 1296 1594 εὐτυχές;
1377 1524 1460 1576 14.
1498 1525 1589 1576 καὶ
1625 1525 1683 1576 τί
1717 1522 1787 1576 ἂν
1824 1543 1915 1575 νο-

229 1618 483 1682 μισθεῖεν
535 1615 589 1666 οἱ
646 1615 756 1680 ἅμα
808 1633 866 1666 τε
920 1612 1217 1682 ἀνηγμένοι
1270 1611 1363 1666 καὶ
1416 1613 1772 1680 καταδύντες,
1827 1604 1916 1664 οἷα

231 1703 409 1754 πολλὰ
449 1703 645 1772 δρᾶται
682 1711 796 1764 τοῖς
843 1700 1105 1771 ἐξαίφνης
1153 1701 1393 1771 ἀνέμοις;
1453 1702 1500 1753 εἰ
1539 1702 1642 1771 γὰρ
1684 1701 1750 1768 δὴ
1791 1701 1915 1752 τόδε

231 1789 489 1859 ἐλεεινόν,
523 1790 552 1843 ὁ
577 1792 783 1860 πελάγη
814 1810 871 1843 τε
896 1792 1176 1858 διαβαλὼν
1198 1792 1288 1843 καὶ
1312 1790 1574 1852 πολλάκις
1596 1789 1697 1856 μὲν
1720 1809 1915 1859 κατηρ-

231 1879 355 1947 κώς,
393 1879 655 1942 πολλάκις
695 1877 756 1932 δὲ
796 1879 1059 1948 ἀναχθεὶς
1096 1879 1294 1949 πράσει
1329 1899 1386 1932 τε
1424 1887 1488 1949 τῇ
1528 1887 1639 1930 τῶν
1670 1880 1916 1947 φορτίων

163 1989 207 2021 20
231 1968 292 2020 τὸ
332 1969 630 2034 βαλάντιον
661 1966 908 2036 ηὐξηκὼς
945 1978 1060 2031 πῶς
1097 1968 1199 2021 οὐκ
1239 1966 1308 2020 ὀὲν
1346 1969 1478 2034 μετὰ
1519 1968 1695 2035 Τύχης
1733 1962 1915 2034 ἧφθαι

231 2063 325 2123 τῆς
377 2055 634 2124 ἐμπορίας
685 2058 898 2125 δοκοίη;
960 2055 1055 2126 ἀφ’
1110 2052 1187 2109 ὧν
1236 2058 1430 2109 τοίνυν
1479 2055 1914 2118 καταψεύδονται

351 2191 403 2229 13
439 2186 576 2243 Soph.
609 2186 681 2229 Ai.
717 2190 831 2230 1083

358 2309 380 2347 1
415 2321 464 2361 γε
507 2307 579 2350 UI
704 2310 730 2348 2
763 2304 829 2354 εἰς
859 2318 934 2348 om
968 2305 1013 2348 U
1136 2309 1164 2347 4
1195 2303 1366 2362 μάχην]
1399 2303 1449 2348 ἐν
1481 2301 1601 2360 μάχη
1627 2304 1672 2346 Β
1704 2303 1751 2345 eb
1774 2303 1809 2344 I
1835 2301 1916 2344 sed

229 2363 280 2406 in
310 2363 399 2406 hoc
431 2364 481 2408 ἐν
511 2364 581 2406 m³
610 2363 734 2407 inser
805 2363 930 2422 μάχῃ
961 2363 1072 2406 Ferr
1102 2363 1203 2406 Mor
1335 2368 1360 2406 6
1391 2363 1458 2419 τε]
1499 2361 1582 2413 τὰς
1613 2362 1658 2404 Β
1793 2366 1816 2403 7
1851 2361 1915 2405 ἔτι

229 2448 290 2454 -
318 2438 366 2466 τε
406 2436 482 2466 om
524 2425 596 2468 ΠΙ
739 2427 763 2466 9
796 2429 876 2479 τῆς
913 2421 1052 2479 τύχης
1090 2421 1350 2477 ἐπέπρακτο
1382 2423 1457 2465 ΙΒ
1609 2424 1663 2462 10
1696 2416 1804 2463 οἶδα
1843 2419 1913 2477 δὲ]

231 2477 324 2525 οἷδ’
347 2483 392 2525 Β
417 2483 464 2524 et
486 2481 536 2524 in
565 2494 641 2525 ras
665 2482 808 2524 trium
830 2481 1092 2524 litterarum
1116 2483 1149 2524 Ι
1237 2486 1289 2524 13
1315 2480 1398 2536 μὲν
1423 2481 1558 2523 omB
1593 2479 1599 2537 Ι
1636 2476 1856 2534 ἐξουρίων
1873 2479 1919 2522 Ρ
2068 2511 2090 2535 ;.

293 2544 348 2583 15
379 2538 500 2590 τίνες
523 2541 568 2583 Β
601 2541 648 2584 ei:
679 2554 735 2584 ex
764 2538 808 2584 τί
842 2553 943 2583 corr
966 2540 1022 2583 1⁸
1054 2542 1102 2583 et
1131 2557 1187 2596 γρ
1211 2539 1314 2582 Mor
1343 2539 1394 2582 in
1422 2551 1555 2595 marg
1676 2542 1730 2580 16
1762 2552 1810 2580 τε
1841 2550 1917 2580 om
2054 2540 2090 2599 „f¹

230 2599 306 2642 IB
443 2603 495 2642 17
530 2599 708 2655 ἀν’μοις
748 2600 793 2644 U
922 2603 976 2642 18
1014 2599 1309 2655 κατηρτηκὼς
1334 2597 1436 2641 Mor
1571 2600 1623 2639 19
1662 2597 1709 2640 τὲ
1750 2609 1853 2640 corr
1889 2609 1915 2639 e
2068 2600 2090 2618 ⁷¹

230 2663 286 2712 τῆ
327 2657 385 2701 1⁸
469 2664 524 2715 τῇ
570 2671 647 2701 om
689 2659 764 2702 IB
813 2660 818 2715 Ι
869 2674 895 2702 ν
941 2658 991 2700 in
1035 2665 1128 2701 τῶν
1174 2657 1224 2700 in
1269 2670 1344 2700 ras
1390 2657 1454 2700 ΟΡ
1503 2656 1509 2714 Ι
1560 2653 1698 2711 φορτί
1741 2671 1767 2698 ν
1818 2655 1863 2698 U

234 2720 291 2760 20
324 2715 597 2775 βαλλάντιον
631 2717 811 2761 CAPV
836 2717 891 2760 cf.
924 2731 970 2772 p.
996 2721 1096 2771 296,
1115 2721 1140 2758 3
1181 2718 1186 2772 Ι
1224 2718 1467 2759 ποιεῖσθαι
1497 2715 1604 2770 post
1636 2712 1695 2759 ἂν
1720 2715 1766 2758 Β
1789 2715 1836 2756 et
1866 2712 1915 2755 in

231 2788 308 2818 ras
332 2775 389 2819 1⁸
420 2777 467 2819 et
496 2793 551 2832 γρ
575 2775 677 2820 Mor
707 2776 756 2818 in
787 2789 920 2832 marg
962 2777 967 2831 Ι
1010 2774 1123 2831 μετὰ
1151 2781 1232 2830 τῆς
1261 2774 1399 2858 τύχης
1422 2774 1468 2817 Β
1506 2775 1512 2829 Ι
1550 2769 1710 2828 ἧφθαι
1741 2786 1817 2816 om
1840 2772 1915 2815 IB

233 2836 282 2877 et
309 2852 365 2891 γρ
397 2834 499 2878 Mor
529 2834 578 2877 in
608 2848 742 2891 marg
891 2839 944 2876 21
978 2833 1061 2884 τὰς
1091 2834 1140 2876 in
1162 2847 1246 2877 ras
1270 2835 1306 2877 I
1359 2834 1406 2876 ef,
1435 2850 1489 2889 γρ
1522 2831 1625 2874 Mor
1654 2832 1704 2874 in
1738 2843 1872 2887 marg
1905 2829 1911 2888 1

232 2891 397 2949 δοκοίη
431 2906 532 2937 corr
556 2906 581 2936 e
605 2896 742 2938 δοκοῖ
765 2893 803 2938 O
874 2894 1010 2937 δοκοῖ
1031 2894 1075 2937 V
1144 2895 1259 2947 δοκῆ
1287 2893 1333 2936 Β
1375 2893 1381 2947 Ι
1423 2890 1801 2947 καταψεύδονται
1831 2887 1914 2945 μὲν

235 2956 315 3006 τῆς
346 2953 397 2995 Β,
