2090 3162
695 92 918 135 LIBANII
950 91 1172 136 ORATIO
1206 91 1247 134 X
1705 91 1809 142 411

133 236 246 281 τοῦ
287 230 489 296 νόμου
529 235 741 280 ταῦτα.
803 229 863 280 τὸ
904 225 963 280 δὲ
1003 235 1110 280 νῦν
1149 235 1336 294 τοῦτο,
1377 226 1498 280 εἰπέ
1524 247 1640 295 μοι,
1680 228 1814 278 κατὰ

133 319 229 370 τὸν
254 320 448 385 νόμον;
481 317 513 386 ἢ
544 318 605 370 τὸ
638 314 739 385 μὲν
764 318 962 369 ἄλλοσε
986 318 1046 369 τὸ
1071 324 1293 384 πρᾶγμα
1324 324 1666 384 μετενεγκεῖν
1692 316 1812 367 ἄτο-

131 426 255 474 πον,
288 408 347 459 τὸ
382 407 443 458 δὲ
466 412 539 476 τῷ
563 406 838 474 πράγματι
863 413 1088 473 ποιῆσαι
1112 404 1355 475 θέατρον
1380 405 1596 475 ἀπᾷδον
1619 405 1811 466 καλόν;

243 495 326 547 35.
380 497 633 561 Πρόκλος
684 494 782 546 οὐκ
835 499 1006 547 οἴεται
1052 494 1151 562 μὲν
1190 491 1283 546 ὑπ’
1330 492 1463 562 ἐμοῦ
1505 497 1811 562 φιλεῖσθαι,
1859 515 1879 545 4

130 584 334 645 πολλὰς
374 581 421 634 δ’
462 581 531 635 ἂν
570 584 742 645 αἰτίας
781 583 881 635 οὐκ
915 585 921 647 Ι
958 577 1102 651 εἶχεν
1134 577 1212 634 ὧν
1252 584 1360 651 ἔχει
1399 590 1522 648 νῦν,
1563 583 1610 634 εἰ
1648 582 1720 650 μὴ
1754 594 1792 636 R
1815 598 1899 637 274

130 673 225 734 τὰς
263 670 390 738 παρ’
436 670 570 738 ἐμοῦ
619 673 933 740 συμβουλὰς
978 672 1316 724 ὑπώπτευεν.
1395 670 1422 722 ὃ
1465 671 1532 739 δή
1571 689 1636 739 με
1675 669 1812 738 μηδὲ

130 762 533 827 συμβουλεύειν
570 758 764 812 ἔπεισε.
841 761 932 812 καὶ
978 767 1085 812 νῦν
1132 759 1392 822 ἐπαίνους
1431 759 1531 827 μὲν
1571 757 1658 810 ἐπὶ
1697 766 1811 820 τοῖς

128 851 252 918 περὶ
291 850 351 902 τὸ
386 848 652 917 Πλέθρον
689 851 930 911 πολλοὺς
969 848 1114 919 αὐτῷ
1147 847 1237 901 καὶ
1276 849 1548 917 μεγάλους
1587 849 1814 900 ἔσεσθαί

129 939 270 1005 φασί
318 956 487 1005 τινες,
534 943 608 1008 τῷ
643 936 691 988 δ’
739 936 808 989 ἂν
854 934 923 1005 ἦν
968 936 1184 1005 κέρδος,
1223 939 1272 990 εἰ
1310 938 1382 1005 μὴ
1423 938 1645 1005 σχήσειν
1682 938 1812 998 τοὺς

131 1025 577 1095 ἐπαρασομένους
608 1024 846 1094 ἔμελλεν.
909 1026 994 1078 36.
1035 1022 1160 1078 οἶδα
1191 1024 1315 1094 ἐγώ,
1354 1027 1532 1078 πόσον
1562 1045 1614 1077 τι
1646 1032 1809 1078 τοῦτο
1835 1047 1877 1078 10

127 1113 304 1182 ἔσται,
367 1115 500 1167 ὅταν
553 1115 838 1177 κλύδωνος
895 1113 1029 1184 γέμῃ
1085 1115 1144 1167 τὸ
1203 1113 1484 1183 Πλέθρον,
1547 1114 1680 1166 ὅταν
1734 1115 1812 1176 εἰς

128 1204 374 1265 σπουδὰς
411 1204 471 1255 τὸ
511 1207 727 1271 πλῆθος
766 1202 1103 1273 διῃρημένον
1134 1202 1426 1270 ἐκβαίνωσι
1464 1201 1593 1256 καθ’
1631 1202 1810 1256 ἑκάτε-

128 1312 230 1359 ρον
275 1292 335 1344 τὸ
392 1292 626 1359 δίκαιον,
681 1285 764 1354 οἷς
817 1311 874 1344 τε
920 1295 1198 1361 βοηθοῦσι
1251 1291 1343 1345 καὶ
1399 1290 1470 1345 δι’
1526 1287 1605 1345 ὧν
1653 1290 1809 1344 ἐναν-

131 1387 405 1447 τιοῦνται,
447 1379 580 1432 ὅταν
627 1381 682 1432 αἱ
729 1380 831 1449 μὲν
877 1389 1053 1450 χεῖρες
1098 1388 1376 1449 πανταχοῦ
1425 1379 1725 1449 φέρωνται,
1776 1380 1807 1448 ἡ

125 1470 229 1537 βοὴ
281 1465 342 1521 δὲ
392 1467 480 1521 ἐπὶ
531 1477 712 1521 πᾶσαν
761 1469 863 1537 τὴν
911 1471 1094 1538 πόλιν,
1145 1472 1379 1538 προΐωσι
1428 1468 1493 1521 δέ
1535 1488 1680 1531 τινες
1717 1467 1808 1522 καὶ
1835 1490 1875 1522 15

127 1556 215 1609 ε’πὶ
254 1558 313 1609 τὸ
356 1560 646 1626 συρίττειν.
723 1559 844 1610 τότε
894 1567 1006 1610 τῶν
1056 1559 1437 1628 γεγηρακότων
1476 1558 1578 1610 οὐκ
1630 1558 1808 1627 ὀλίγοι

124 1654 236 1698 τῶν
287 1653 459 1698 ταῦτα
518 1646 619 1715 μὲν
672 1645 949 1716 ὁρώντων,
1010 1648 1076 1700 τὰ
1137 1647 1304 1700 πάλαι
1364 1646 1424 1700 δὲ
1486 1645 1809 1717 ἑωρακότων

125 1733 422 1802 ἀλγοῦντες
437 1742 500 1805 τῇ
524 1739 699 1804 πολλῇ
723 1735 1046 1804 μεταστάσει
1063 1737 1215 1799 τίνος
1235 1733 1530 1804 ἀφέξονται
1555 1735 1808 1805 ῥήματος,

125 1821 345 1891 ἐρασταὶ
377 1821 600 1876 παλαιοὶ
632 1832 743 1876 τῶν
774 1824 847 1886 ὡς
878 1823 1101 1892 ἀληθῶς
1124 1823 1458 1893 Ὀλυμπίων;
1520 1823 1606 1876 37.
1638 1832 1809 1877 ταῦτα

125 1912 178 1963 οἱ
227 1910 424 1980 μισθοὶ
474 1919 568 1980 τῆς
619 1916 787 1981 καλῆς
825 1914 1024 1982 ταύτης
1073 1915 1410 1984 προσθήκης.
1487 1913 1577 1966 καὶ
1617 1913 1807 1982 διαβή-
1832 1934 1875 1965 20

123 2013 315 2052 σονται
348 1995 504 2053 οὗτοι
536 2001 630 2053 διὰ
660 2009 759 2054 τοῦ
791 2003 990 2065 παιδὸς
1021 2000 1110 2055 ἐπὶ
1140 2003 1238 2055 τὸν
1274 2000 1482 2069 πατέρα
1511 2002 1610 2055 τὸν
1642 1998 1809 2054 οὐδὲν

123 2086 370 2140 ἐνταῦθα
430 2088 751 2156 ἠδικηκότα,
812 2097 923 2141 τῶν
978 2087 1340 2158 λυπουμένων
1394 2089 1456 2142 δὲ
1510 2084 1660 2156 οἶμαι
1715 2088 1805 2142 καὶ

123 2183 304 2243 τοῦτο,
328 2178 654 2244 θαυμαστόν
685 2196 747 2244 γε
778 2178 838 2230 τὸ
871 2173 1052 2230 ἆθλον
1069 2176 1379 2245 Ὀλυμπίων
1409 2180 1806 2248 προσαγόντων

124 2269 409 2331 καθῆσθαι
448 2266 820 2334 φοβούμενον,
862 2266 1046 2319 εἰδότα
1084 2259 1174 2320 οἷα
1212 2266 1516 2320 ἀκούσεται.

243 2400 296 2438 21
334 2394 568 2440 Τατιανόν
599 2395 655 2440 cf.
690 2398 722 2440 t.
747 2396 791 2439 H
814 2401 914 2451 467,
932 2401 958 2439 5
976 2397 1016 2439 R

243 2518 269 2556 2
307 2513 390 2557 τὸν
421 2527 503 2566 ,om
527 2516 562 2559 Ι
577 2514 710 2572 Bong
858 2520 883 2557 3
923 2514 1046 2558 inter
1083 2515 1270 2576 ἀπᾷδον
1309 2517 1356 2558 et
1395 2515 1537 2560 καλὸν
1577 2515 1804 2560 excidisse

124 2573 238 2629 puto
263 2579 354 2616 τῶν
378 2574 543 2616 καλῶν.
607 2571 886 2635 ἀπᾳδόντων
910 2571 1052 2618 καλόν
1075 2573 1185 2617 libri
1202 2573 1348 2631 Bong,
1380 2574 1583 2636 ἀπᾷδον,
1607 2582 1699 2619 τῶν
1723 2592 1804 2618 κα-

125 2633 216 2675 λῶν
233 2631 300 2674 Re
391 2635 416 2674 9
442 2629 524 2688 μὲν
539 2631 673 2690 Bong
765 2637 819 2675 14
843 2639 1110 2690 nawoexot?
1203 2637 1256 2676 17
1282 2631 1313 2677 ὰ
1336 2632 1386 2676 in
1410 2632 1468 2677 τὰ
1490 2633 1539 2677 in
1563 2647 1638 2677 ras
1662 2633 1804 2690 paulo

122 2690 299 2733 maiore
323 2690 396 2734 12³
453 2697 544 2734 τῶν
560 2692 641 2736 AI
657 2691 791 2750 Bong
812 2691 893 2743 Re,
919 2691 1000 2748 qui
1031 2693 1190 2736 tamen
1219 2691 1277 2735 τὰ
1301 2691 1406 2736 coni
1510 2697 1565 2736 21
1600 2690 1648 2736 δ’
1677 2689 1803 2736 οὗτοι

126 2748 330 2792 Sintenis
480 2754 536 2792 22
567 2757 659 2795 τῶν
690 2750 960 2795 λυπούντων
992 2750 1042 2795 δὲ
1075 2747 1205 2807 οἶμαι
1235 2751 1314 2794 καὶ
1344 2757 1478 2795 τοῦτο
1511 2750 1803 2809 (θαυμαστόν

123 2810 191 2865 γε)
221 2807 303 2852 τὸν
335 2807 506 2852 ἄθλιον
536 2808 605 2852 Re
627 2809 788 2863 Anim,
829 2809 909 2866 qui
947 2811 1104 2853 tamen
1142 2809 1192 2853 in
1224 2808 1428 2854 editione
1459 2810 1621 2867 quavis
1652 2812 1801 2854 muta-

123 2865 250 2910 tione
281 2866 510 2911 abstinuit
537 2869 645 2924 post
673 2875 809 2912 τοῦτο
840 2867 1024 2912 fortiter
1053 2868 1402 2926 interpungens.
