2090 3162
242 165 352 217 418
795 164 1022 207 LIBANII
1054 163 1275 208 ORATIO
1307 165 1370 208 XI

520 303 737 366 μονωδία
769 302 839 361 εἰς
871 302 955 352 τὸν
987 302 1039 352 ἐν
1071 311 1127 367 τῆ
1161 303 1328 367 δάφνη
1369 302 1482 352 νεὸν
1518 311 1603 352 τοῦ
1643 302 1926 363 ἀπόλλωνος

353 380 482 426 158v
528 384 613 425 τοῦ
654 375 805 425 αὐτοῦ
846 377 1071 436 διάλεξις·
1121 376 1226 441 ἥτις
1265 376 1356 442 ἔχει
1396 374 1483 441 μὲν
1522 378 1573 428 τὸ
1614 378 1762 442 ῥόδον
1801 376 1924 428 ὑπό-

241 457 402 501 θεσιν·
450 448 740 514 ἐπισταμένη
782 448 834 499 δὲ
874 450 1114 516 διακορεῖς
1151 450 1280 515 ὑμᾶς
1319 449 1461 509 ὄντας
1492 458 1579 500 τοῦ
1611 452 1779 515 μύθου
1818 471 1925 500 και-

238 525 441 590 νότερόν
481 544 524 573 τι
564 522 867 588 συνεισφέρει
907 524 1123 589 διήγημα
1164 519 1256 591 (-—-
1283 525 1566 574 Boissonad.
1592 526 1773 574 Anecd.
1813 542 1924 574 nov.

237 619 283 663 p.
321 601 438 647 346.
503 598 691 646 Choric.
731 616 778 661 p.
814 600 917 646 202
942 592 1036 665 sq.)

351 674 491 722 Folio
547 666 708 738 1601)
763 673 940 734 incipit
992 688 1108 734 pars
1158 673 1451 734 bombycina
1506 672 1685 721 codicis
1741 675 1927 735 scripta

241 748 436 796 saeculo
468 747 559 793 XV
599 761 723 808 quae
764 748 982 794 continet

352 820 630 884 λιβανίου
693 827 982 882 σοφιστοῦ
1051 818 1342 885 ἐγκώμιον
1403 819 1486 879 εἰς
1547 819 1649 884 τὴν
1711 819 1925 869 ἑαυτοῦ

241 894 497 959 πατρίδα
536 892 888 958 ἀντιόχειαν,

354 970 484 1016 180*
521 967 589 1026 εἰς
638 967 917 1016 κώνσταντα
963 965 1044 1015 καὶ
1089 967 1433 1031 κωνστάντιον,
1481 970 1616 1016 ouius
1662 968 1773 1016 finis
1815 962 1923 1035 (fol.

245 1035 559 1108 196—202)
599 1042 651 1089 in
692 1043 863 1090 chart-a
903 1042 1003 1089 alia
1034 1057 1185 1089 manu
1225 1043 1481 1104 suppletus
1523 1046 1595 1091 est

351 1116 434 1163 fol.
471 1117 601 1163 202v
631 1122 717 1164 τοῦ
750 1113 902 1164 αὑτοῦ
933 1114 1000 1173 εἰς
1032 1114 1116 1165 τὸν
1147 1113 1478 1182 αὐτοκράτορα
1518 1111 1777 1165 θεοδόσιον
1817 1113 1927 1182 περὶ

245 1197 332 1254 τῆς
374 1188 582 1248 στάσεως

357 1265 487 1311 208ν
524 1269 611 1311 τοῦ
651 1261 803 1311 αὐτοῦ
842 1260 919 1311 ἐπὶ
959 1267 1062 1321 ταῖς
1102 1263 1382 1328 διαλλαγαῖς

361 1339 493 1384 214ν
530 1335 639 1402 περὶ
678 1336 900 1396 δουλείας

361 1413 462 1459 222
528 1408 650 1476 ὑπὲρ
689 1418 786 1459 τῶν
826 1411 981 1476 ἱερῶν.

357 1486 552 1533 Folium
594 1486 696 1533 228
754 1485 854 1534 alia
905 1501 1056 1532 manu
1110 1487 1367 1533 exaratum
1417 1486 1635 1534 continess
1687 1484 1930 1550 ἕκφρασιν

248 1556 407 1622 μέθης
446 1562 496 1606 ef,
533 1558 720 1624 δρόμου
759 1565 856 1606 τῶν
895 1554 1083 1622 ἡρώων.

355 1633 475 1680 Inde
532 1647 561 1679 a
614 1632 734 1679 folio
792 1633 895 1680 229
951 1647 1118 1680 rursus
1172 1648 1321 1680 manu
1375 1634 1538 1695 priore
1593 1637 1821 1682 exaratae
1875 1634 1927 1680 in

247 1707 421 1754 charta
461 1709 751 1768 sequuntur:

800 1777 986 1843 μελέται
1023 1787 1111 1828 τοῦ
1149 1779 1373 1844 λιβανίου

249 1852 364 1917 μετὰ
402 1852 459 1901 τὰ
498 1852 551 1902 ἐν
590 1856 818 1917 σαλαμΐνι
856 1851 1219 1918 ἀναλαμβάνειν
1258 1851 1394 1912 ἀξιοῖ
1423 1858 1625 1918 νεοκλῆς
1663 1853 1747 1904 τὸν
1786 1858 1929 1916 θεμι-

251 1925 451 1976 στοκλέα

362 2003 465 2050 235
529 1999 582 2050 ἐκ
621 2007 708 2049 τοῦ
747 1999 971 2050 ἐναντίου
1012 1997 1037 2049 ὁ
1077 2003 1400 2065 θεμιστοκλῆς

363 2077 493 2123 24ον
532 2094 561 2140 γ
638 2071 662 2122 ὅ
702 2074 859 2138 κίμων
897 2074 1046 2123 αἰτῶν

365 2151 467 2196 247
533 2148 562 2196 δ
637 2147 868 2207 πλούσιος
906 2146 1190 2214 ἀριστεύσας

365 2223 468 2271 253
532 2239 554 2270 ε
630 2221 868 2281 δικάζεται
906 2222 1147 2271 ποσειδῶν

367 2297 497 2344 256γ
535 2311 564 2351 ς
640 2293 693 2344 ἐκ
730 2301 818 2344 τοῦ
855 2293 1081 2345 ἐναντίου
1119 2292 1145 2344 ὅ
1183 2293 1306 2362 ἅρης

366 2371 495 2418 261
535 2370 562 2428 ζ
630 2367 859 2432 ἐξῄτησεν
906 2366 931 2417 ὁ
971 2369 1208 2432 φίλιππος
1252 2368 1338 2419 τὸν
1383 2367 1716 2434 δημοσθένην.
1792 2367 1929 2419 κατέ-

253 2460 412 2508 φυγεν
451 2440 530 2491 ἐπὶ
567 2440 653 2491 τὸν
691 2440 826 2491 ἐλέου
864 2442 1034 2507 βωμόν

367 2518 469 2565 267
534 2534 568 2580 η
650 2513 838 2580 σκέμμα
891 2512 917 2564 ὃ
970 2514 1282 2580 πομπηιανὸς
1335 2514 1629 2582 προύβαλεν
1684 2516 1806 2582 ἔχων
1858 2535 1934 2575 τις

254 2593 464 2655 γυναῖκα
502 2587 585 2637 καὶ
625 2586 694 2638 ὢν
732 2588 828 2639 ὑπὸ
867 2587 1012 2655 πατρὶ

369 2664 500 2712 273*
538 2666 578 2710 θ
652 2662 957 2729 φιλαργύρου
1006 2667 1121 2722 παῖς
1170 2661 1452 2729 ἀριστεύσας
1501 2661 1680 2727 ἤτησεν
1725 2663 1794 2723 εἰς
1839 2662 1932 2727 τὴν

254 2734 443 2803 δωρεὰν

369 2811 470 2858 281
536 2827 554 2858 ι
629 2808 877 2876 φθονερὸς
915 2816 1002 2858 τοῦ
1039 2811 1254 2876 γείτονος
1292 2808 1444 2859 αὐτοῦ
1483 2810 1845 2874 πλουτήσαντος

378 2965 418 3021 1)
450 2963 633 3008 Folium
665 2967 773 3008 159*
803 2977 998 3008 vacuum
1030 2967 1112 3009 est.
