2090 3162
247 142 353 194 502
799 143 1024 185 LIBANH
1056 142 1278 187 ORATIO
1312 145 1374 187 XI

249 278 366 330 191.
401 279 532 329 ἄνευ
566 279 667 346 γὰρ
701 284 795 344 τῆς
828 277 887 329 έν
911 286 1023 340 τοῖς
1047 279 1490 348 πολιτευομένοις
1513 282 1760 343 παιδείας
1783 291 1927 350 τρεῖς

243 367 396 435 χοροὶ
438 367 682 434 ῥητόρων
724 367 1010 435 ἰσάριθμοι
1049 365 1180 435 <ἐν>
1218 377 1333 430 τοῖς
1373 369 1742 438 δικαστηρίοις
1782 370 1927 437 ἀγεί-

244 475 434 522 ρονται
466 455 566 521 τὴν
598 454 768 522 ἀκοὴν
801 455 900 523 οὐχ
939 451 1105 522 ἧττον
1147 457 1222 518 εἰς
1260 459 1445 525 κρίσιν
1483 456 1515 524 ἢ
1548 459 1648 525 τὴν
1681 462 1926 525 γλῶτταν

243 545 318 604 εἰς
343 544 403 594 τὸ
438 551 719 595 συνειπεῖν
747 543 1098 611 τεθηγμένοι·
1134 543 1260 596 ὥστ’
1293 544 1407 598 οὔτ’
1439 545 1924 616 εὐδαιμονέστερος

199 652 217 682 5
244 632 424 693 οὐδεὶς
453 637 571 683 ’τοῦ
625 631 807 695 δεξιοῦ
847 632 1138 701 κριθέντος
1187 632 1387 686 ε’νθάδε
1438 636 1831 704 κακοδαιμονίᾳ
1869 655 1926 688 τε

240 720 438 782 πάντες
472 721 720 790 δεύτεροι
751 728 850 772 τοῦ
884 721 1379 790 κατεψηφισμένου.
1436 724 1525 775 καὶ
1558 723 1624 790 δὴ
1656 724 1745 775 καὶ
1779 724 1926 786 ὅστις

242 809 308 860 οὐ
342 811 447 860 σὺν
472 810 651 879 τρόμῳ
684 809 772 860 καὶ
806 810 1017 877 δείματι
1052 810 1217 877 δεῦρο
1244 815 1489 878 εἴσεισιν,
1523 811 1624 863 οὐκ
1657 811 1924 881 ἀνδρεῖος,

243 895 357 948 ἀλλ’
399 896 751 965 ἀναίσθητος,
794 897 1028 966 ἀγνοῶν,
1070 899 1147 960 εἰς
1187 896 1320 950 ὅσον
1360 897 1604 967 ἐμβαίνει
1642 901 1924 953 κινδύνου.

243 985 360 1036 192.
413 985 557 1037 οὕτω
612 982 671 1037 δὲ
719 986 885 1038 πάλαι
923 1006 981 1039 τε
1021 985 1291 1056 ἐρριζώθη
1331 988 1460 1056 τῇδε
1500 989 1559 1040 τὸ
1600 997 1778 1057 χρῆμα
1816 998 1925 1042 τῶν

174 1095 214 1126 10
239 1076 418 1141 λόγων
453 1072 543 1125 καὶ
584 1072 652 1125 δι’
696 1074 886 1140 ὁμοίας
927 1074 1098 1141 ἀκμῆς
1137 1074 1388 1144 ἐχώρησε.
1452 1076 1540 1127 καὶ
1572 1085 1687 1138 τοῖς
1718 1074 1925 1139 ἔξωθεν

239 1161 317 1213 ἐπ’
390 1162 590 1223 αὐτοὺς
658 1163 855 1229 ἥκουσι
924 1161 1014 1215 καὶ
1076 1171 1190 1225 τοῖς
1261 1163 1559 1230 ἁψαμένοις
1622 1165 1859 1217 ἔνδοθεν
1915 1164 1921 1235 Ι

150 1263 295 1306 R336
329 1251 537 1320 ὑπῆρχε
575 1259 860 1320 μετασχεῖν
899 1261 1009 1303 τῶν
1048 1261 1255 1319 πηγῶν,
1295 1250 1417 1304 ὥστ’
1466 1254 1568 1321 ἤδη
1611 1252 1741 1315 δόξα
1779 1257 1924 1306 νενί-

238 1359 418 1407 κηκεν,
458 1339 530 1401 ὡς
563 1339 710 1401 ὅστις
749 1338 818 1392 ἂν
850 1338 1009 1409 ἐπιβῇ
1042 1347 1136 1408 τῆς
1176 1349 1287 1408 γῆς,
1328 1339 1579 1408 γέγευται
1611 1349 1705 1409 τῆς
1736 1341 1926 1411 τέχνης

237 1429 326 1480 καὶ
377 1428 659 1497 ῥητορείας
708 1429 1124 1497 κεκοινώνηκεν,
1175 1429 1356 1496 ὥσπερ
1416 1437 1508 1497 τῆς
1561 1438 1659 1498 γῆς
1711 1439 1925 1500 πνεῦμα

173 1537 213 1569 15
240 1516 458 1584 ἀνείσης
497 1518 783 1584 μουσικόν,
823 1517 1074 1586 καθάπερ
1116 1516 1348 1585 ἑτέρωθι
1386 1521 1664 1584 μαντικόν.

357 1605 474 1656 193.
531 1605 612 1656 Οὐ
665 1605 732 1672 δὴ
782 1607 1124 1673 θαυμαστόν,
1177 1607 1226 1657 εἰ
1275 1615 1390 1667 τοῖς
1434 1606 1535 1672 μὲν
1575 1608 1760 1669 ἄλλοις
1797 1627 1924 1674 κρα-

237 1700 408 1746 τοῦσα
446 1703 556 1746 τῶν
596 1694 794 1761 ἄλλων,
834 1701 898 1763 τῇ
940 1690 1000 1746 δὲ
1031 1701 1127 1761 τῆς
1167 1696 1364 1762 σοφίας
1398 1694 1620 1762 ἀσκήσει
1652 1697 1782 1763 μετὰ
1813 1705 1923 1748 τῶν

239 1783 419 1834 ἄλλων
450 1780 540 1834 καὶ
572 1783 638 1834 τὰ
670 1782 835 1850 αὑτῆς
856 1792 1074 1845 ,νικῶσα
1105 1785 1233 1844 τοὺς
1273 1782 1360 1835 ἐπὶ
1399 1784 1492 1845 τὰς
1533 1783 1698 1852 ἀρχὰς
1739 1785 1922 1846 ἰόντας

239 1870 466 1939 ἐραστὰς
519 1869 682 1940 ἑαυτῇ
731 1873 1083 1939 καθίστησιν·
1136 1867 1214 1923 ὧν
1254 1870 1458 1943 ἑκάστῳ
1497 1872 1587 1923 καὶ
1633 1874 1924 1941 προοίμιον

175 1980 218 2011 20
243 1967 337 2027 τῆς
389 1961 707 2028 διοικήσεως
756 1960 846 2012 καὶ
897 1959 1033 2028 μέσα
1083 1958 1174 2012 καὶ
1224 1964 1506 2013 τελευταῖα
1555 1963 1615 2012 τό
1654 1979 1706 2012 τι
1755 1974 1923 2030 προσ-

236 2053 423 2100 θεῖναι
461 2056 524 2118 τῇ
574 2051 742 2101 πόλει.
820 2047 911 2100 καὶ
958 2050 1059 2118 γὰρ
1110 2045 1213 2101 οὗν
1253 2042 1335 2111 οἷς
1373 2050 1474 2115 μὲν
1512 2047 1717 2118 ὑπῆρξε
1756 2063 1922 2118 προσ-

236 2140 439 2202 θεῖναι,
479 2137 727 2206 καθάπερ
762 2137 814 2189 οῖ
846 2145 961 2199 τοῖς
991 2142 1146 2199 θεοῖς
1177 2135 1403 2206 μέγιστα
1443 2137 1749 2200 ἀνάψαντες
1791 2137 1920 2190 ἀνα*

354 2316 380 2353 4
399 2310 534 2367 Soph.
553 2311 623 2354 Ai.
644 2315 730 2355 584
799 2315 824 2354 8
842 2311 954 2354 Xen.
975 2311 1074 2367 Cyr.
1094 2311 1135 2354 Π
1155 2316 1194 2365 1,
1211 2316 1263 2355 15
1334 2316 1358 2355 9
1379 2311 1496 2355 Plat.
1514 2311 1702 2355 Theaet.
1721 2327 1765 2368 p.
1786 2316 1868 2355 209
1884 2312 1920 2354 Ε

357 2477 378 2514 1
413 2472 782 2529 πολιτευομένοις
811 2499 868 2505 -—
901 2479 925 2516 2
959 2481 1056 2524 τοῖς
1096 2487 1172 2516 0111
1207 2474 1269 2518 Ga
1415 2479 1439 2516 2
1474 2473 1523 2518 ἐν
1553 2473 1736 2517 inserui
1778 2475 1784 2529 Ι
1825 2480 1922 2524 τοῖς

236 2530 286 2574 ἐν
318 2537 414 2597 τοῖς
456 2530 770 2606 δικαστηρίοις
801 2532 997 2578 ΒΜΜΟ
1132 2537 1157 2576 3
1189 2548 1239 2575 ττ
1281 2532 1331 2575 in
1377 2535 1579 2588 γλῶτταν
1611 2533 1660 2575 111
1690 2546 1765 2575 ras
1798 2531 1862 2575 Ρ2

238 2593 261 2631 7
296 2592 325 2634 ὃ
354 2589 404 2631 111
436 2587 616 2646 δείματι
654 2591 704 2634 111
734 2605 808 2634 ras
842 2591 905 2635 1³²
983 2589 1167 2648 δείμασι
1201 2591 1266 2636 Ca
1401 2595 1427 2634 8
1459 2589 1683 2635 κίνδυνον
1714 2591 1829 2636 ΙΜο
1852 2591 1920 2634 Re

300 2653 353 2691 13
378 2649 560 2705 γεύεται
595 2651 896 2696 UBMMoCa
1019 2656 1072 2694 14
1095 2650 1313 2694 ulssimum
1336 2666 1363 2694 ν
1386 2650 1437 2692 in
1468 2651 1801 2706 κεκοινώνηκεν
1827 2648 1921 2692 add

237 2706 303 2750 Ρ2
363 2708 670 2782 κεκοινώνηκε
694 2710 739 2753 A
854 2714 906 2753 15
939 2708 1180 2766 ἀνιείσηςὶ)
1297 2713 1350 2751 17
1373 2715 1427 2766 τῇ
1453 2735 1510 2740 -
1537 2714 1590 2752 18
1617 2708 1764 2752 ἄλλων
1787 2721 1920 2764 prae-

237 2765 378 2809 misso
411 2764 620 2823 κείμενον
652 2767 702 2827 111
733 2781 867 2826 marg
898 2767 991 2811 add
1014 2768 1072 2812 Ι2
1194 2772 1248 2812 18
1280 2767 1422 2822 αὐτῆς
1452 2781 1507 2810 ex
1538 2769 1680 2823 αὐτῆς
1712 2781 1811 2811 corr
1833 2767 1869 2810 I

238 2821 385 2880 α’ὑτῆς
407 2826 453 2870 A
522 2842 608 2869 αυτ
612 2843 664 2882 ης
698 2828 743 2872 U
802 2827 939 2871 ἑαυτ
914 2843 967 2883 ης
990 2827 1102 2871 ΒΜ
1161 2867 1164 2871 ,
1229 2831 1282 2870 19
1309 2825 1473 2882 ἑαυτῆς
1503 2827 1570 2870 Re
1706 2829 1762 2869 20
1791 2822 1844 2869 τό
1875 2841 1920 2868 τι

238 2882 344 2984 {ig-
379 2882 428 2984 ss
454 2884 506 2927 τὸ
538 2883 648 2928 libri
678 2885 779 2928 Mor
899 2890 952 2928 22
985 2889 1119 2936 θεοῖς
1144 2885 1407 2930 BMMoCa
1430 2885 1497 2928 Re
1569 2883 1721 2935 θείοις
1750 2883 1919 2940 reliqui

259 2956 275 2983 1
308 2941 348 2984 ri
430 2955 480 2985 or
