2090 3162
731 111 956 154 LIBANII
988 111 1207 155 ORATIO
1242 113 1305 156 XI
1749 114 1856 166 523

177 254 251 318 τῶ
286 246 509 314 ῥεύματι
550 255 824 316 κατηρεφῆ
868 248 959 299 διὰ
998 255 1091 315 τῆς
1130 247 1399 317 ὑπωρείας
1430 256 1502 315 πῆ
1542 245 1643 315 μὲν
1682 246 1857 315 ἔγκοι-

180 340 279 387 λον
309 337 411 403 τὴν
441 335 722 403 ὑπώρειαν
753 334 1054 403 τέμνοντες,
1086 345 1157 404 πῆ
1192 333 1251 389 δὲ
1275 338 1855 406 προσοικοδομοῦντες,
1910 380 1912 384 .

177 426 289 476 ἔστι
342 423 402 476 δὲ
454 418 519 475 οὗ
571 422 660 475 καὶ
711 423 985 493 μετέωρον
1034 425 1132 476 τὸν
1180 427 1354 493 πόρον
1403 422 1541 493 ὑπὲρ
1597 435 1857 494 γεφυρῶν

175 514 416 579 ἄγοντες,
455 514 598 564 ἔνθα
627 519 789 564 τοῦτο
831 511 1202 580 ἐπηνάγκαζον
1234 514 1286 565 οἱ
1318 516 1566 582 κρημνοί,
1605 521 1855 566 κοινοῦσι

172 607 247 672 τῷ
281 602 432 653 ἄστει
471 602 570 668 τὴν
611 600 668 653 ἐκ
708 610 819 652 τῶν
857 603 1198 669 προαστείων
1237 604 1518 670 χορηγίαν.
1596 602 1717 654 244.
1765 603 1854 654 καὶ
1902 623 1919 654 5

176 697 283 741 νῦν
322 681 363 760 ᾧ
405 690 639 758 μάλιστα
678 698 932 757 νικῶμεν,
979 692 1141 742 τοῦτό
1181 688 1347 758 ἐστιν,
1395 691 1476 743 ὅτι
1522 692 1856 759 κατάρρυτος

172 776 305 846 ἡμῖν
343 779 375 845 ἡ
415 780 585 840 πόλις.
647 778 737 830 καὶ
774 779 911 845 πρὸς
948 775 1047 844 μὲν
1085 779 1254 830 τᾶλλα
1288 777 1293 848 Ι
1329 777 1432 831 κᾶν
1471 778 1763 847 άναισχυν-
1796 791 1836 834 R
1858 796 1942 834 354

174 868 333 934 τήσαι
372 886 478 934 τις,
530 865 592 918 ἐν
643 863 703 918 δὲ
752 866 973 919 ὑδάτων
1011 868 1191 936 μνήμῃ
1242 867 1439 929 πάντες
1489 872 1714 919 εἴκουσι.
1790 868 1855 919 τὰ

171 951 274 1020 μὲν
304 955 443 1007 καλὰ
477 957 679 1023 πλήθει
712 964 966 1023 νικῶμεν,
1006 955 1071 1006 τὰ
1103 952 1162 1007 δὲ
1193 956 1370 1007 πολλὰ
1407 956 1608 1022 κάλλει,
1645 959 1855 1021 μᾶλλον

174 1039 234 1095 δὲ
287 1044 354 1095 τὰ
405 1040 507 1109 μὲν
554 1044 783 1111 ἄφθονα
836 1049 913 1114 τῷ
966 1045 1192 1111 πλήθει,
1246 1044 1311 1095 τὰ
1365 1041 1425 1095 δὲ
1479 1046 1734 1112 χαριέντα
1786 1050 1860 1115 τῷ
1879 1066 1921 1097 ιο

174 1131 373 1183 κάλλει.
444 1136 694 1200 λουτρῶν
732 1128 833 1199 μὲν
871 1140 982 1183 τῶν
1021 1132 1302 1199 δημοσίων
1339 1131 1569 1184 ἕκαστον
1607 1140 1853 1200 ποταμοῦ

172 1219 374 1288 μέτρον
405 1219 562 1290 ἐκχεῖ7
601 1228 712 1277 τῶν
744 1217 804 1272 δὲ
846 1220 1004 1272 ἰδίων
1034 1220 1099 1271 τὰ
1138 1219 1239 1287 μὲν
1278 1219 1515 1290 ὅσονπερ
1557 1219 1751 1288 ἐκεῖνα,
1790 1222 1855 1273 τὰ

174 1308 234 1360 δὲ
288 1308 355 1360 οὐ
406 1311 592 1380 πολλῷ
640 1328 714 1380 τῳ
765 1310 1102 1375 λειπόμενον.
1183 1307 1305 1360 245.
1361 1307 1466 1379 ὅτῳ
1514 1309 1575 1361 δὲ
1622 1310 1854 1378 δύναμις

172 1397 410 1464 λουτρὸν
441 1395 529 1448 ἐπὶ
561 1405 677 1459 τοῖς
707 1396 997 1465 προτέροις
1028 1395 1278 1464 ἐγείρειν,
1317 1395 1476 1449 ἕνεκά
1507 1417 1567 1465 γε
1598 1397 1855 1464 ναμάτων

172 1486 536 1553 θαρρούντως
590 1484 787 1554 ἐγείρει
841 1486 930 1537 καὶ
985 1485 1051 1537 οὐ
1107 1484 1344 1551 δέδοικε,
1399 1486 1470 1553 μὴ
1516 1487 1576 1538 τὸ
1628 1482 1731 1554 μὲν
1775 1486 1852 1548 εἰς
1876 1506 1917 1540 15

172 1573 345 1641 ἄκρον
393 1574 538 1642 ὥρας
584 1573 827 1643 ἀσκηθῆ,
877 1576 1138 1641 Νυμφῶν
1189 1570 1248 1625 δὲ
1296 1572 1479 1642 ἐνδείᾳ
1517 1575 1854 1637 πολυδίψιον

172 1660 487 1732 ὀνομασθῇ,
527 1661 663 1714 ἀλλὰ
701 1669 968 1715 τοσοῦτον
1007 1660 1190 1731 ἀπέχει
1224 1669 1324 1714 τοῦ
1357 1662 1550 1714 σπάνει
1580 1671 1690 1714 τῶν
1721 1662 1853 1715 ὑδά-

169 1769 283 1802 των
321 1749 622 1818 ἆποστῆναι
661 1757 758 1818 τῆς
795 1750 983 1819 ὁρμῆς,
1022 1751 1158 1803 ὥστε
1187 1748 1278 1802 καὶ
1319 1750 1424 1822 ὅτῳ
1462 1751 1534 1819 μὴ
1565 1753 1740 1819 πολλή
1771 1771 1854 1813 τις

172 1837 329 1907 ὁρμή,
369 1836 495 1907 παρ’
542 1838 724 1891 αὐτῶν
762 1848 872 1891 τῶν
909 1838 1128 1891 ὑδάτων
1168 1836 1492 1906 ἐντρέπεται.
1554 1847 1853 1908 τοιγαροῦν

292 2061 344 2100 16
378 2057 428 2100 Π.
462 2060 491 2102 δ
525 2061 603 2100 171

294 2268 315 2306 1
350 2262 583 2321 ἠγάγομεν
626 2263 749 2307 inter
789 2259 1022 2330 ὑπωρείας
1063 2265 1110 2306 et
1147 2267 1211 2318 πῆ
1252 2262 1375 2306 inser
1406 2260 1463 2305 Ι*
1511 2264 1517 2317 Ι
1566 2279 1594 2318 η
1626 2262 1674 2305 in
1704 2267 1769 2318 πῆ
1802 2262 1851 2306 in

171 2335 247 2366 ras
272 2322 344 2367 P²
411 2328 495 2378 πῆι
522 2322 561 2367 0
623 2329 708 2365 ποῖ
744 2321 815 2395 Ul
843 2339 869 2379 γ
900 2321 950 2365 in
983 2322 1190 2378 ἔγκοιλον
1222 2321 1270 2364 in
1300 2334 1375 2364 ras
1407 2319 1463 2363 1²
1582 2325 1607 2363 2
1640 2327 1724 2377 πῆι
1758 2322 1796 2366 G

170 2388 257 2425 ποῖ
291 2381 460 2427 ΠΜΟα
581 2385 607 2424 3
637 2381 718 2425 τὸν
750 2379 897 2436 πόρον
931 2380 1056 2424 inser
1086 2379 1144 2423 1²
1270 2384 1296 2422 4
1329 2386 1509 2424 κινοῦσι
1548 2380 1593 2424 U
1654 2378 1851 2436 νέμομεν

171 2440 223 2486 δὲ
255 2440 303 2484 ιιι
335 2453 410 2484 ras
441 2439 503 2483 1³
633 2444 659 2482 6
691 2438 715 2483 ὃ
747 2439 951 2483 IBMCa
993 2444 997 2493 Ι
1039 2437 1167 2483 τοῦτ’
1203 2438 1325 2483 ἔστιν
1347 2439 1381 2481 Ι
1496 2442 1520 2482 7
1553 2437 1582 2494 ἡ
1614 2437 1746 2489 πόλις
1775 2452 1850 2482 om

173 2498 240 2543 Ga
281 2499 288 2557 Ι
328 2500 468 2542 τᾶλλα
502 2490 581 2567 οᾼ
656 2495 699 2542 τ’
735 2498 849 2542 ἄλλα
880 2498 963 2542 sed
992 2513 1019 2541 τ
1048 2499 1157 2542 ante
1189 2497 1220 2540 ἄ
1251 2510 1352 2541 eras
1383 2497 1429 2540 B
1469 2499 1475 2553 Ι
1513 2497 1562 2541 in
1601 2498 1741 2541 ἀναισ
1770 2515 1851 2542 υν-

169 2556 306 2612 τήσαι
341 2559 505 2602 acutus
550 2558 600 2601 in
642 2571 718 2601 ras
750 2557 819 2611 1²,
866 2573 924 2600 vv
966 2556 1016 2600 in
1058 2570 1134 2600 ras
1165 2555 1237 2601 P²
1311 2553 1675 2614 ἀναισχυντῆσαί

171 2617 534 2674 ἀναισχυντῆσαι
563 2613 634 2667 τίς
657 2618 702 2661 Β
823 2620 848 2659 9
880 2615 964 2672 μὲν
995 2615 1082 2673 γὰρ
1114 2614 1232 2659 καλὰ
1256 2615 1432 2660 ΒΜΟα
1501 2613 1585 2671 μὲν
1616 2611 1702 2659 οὖν
1733 2614 1852 2659 καλὰ

172 2674 396 2719 ReAnim
518 2679 571 2719 11
596 2675 679 2732 μὲν
710 2674 798 2732 γὰρ
827 2682 920 2719 τῶν
942 2674 1167 2719 ReAnim
1288 2678 1342 2718 12
1368 2673 1444 2741 {yx
1445 2680 1491 2717 εἴ
1510 2673 1611 2718 Mor
1636 2674 1643 2732 Ι
1670 2670 1716 2719 δ’
1744 2673 1812 2718 Re
1839 2675 1847 2731 Ι

172 2750 226 2779 ον
249 2734 299 2777 in
324 2731 520 2789 ὅσονπερ
542 2734 594 2777 in
615 2747 691 2778 ras
714 2733 773 2777 1²
827 2730 912 2777 ὅσα
946 2734 1053 2778 UB
1137 2737 1191 2776 13
1214 2749 1276 2791 τῳ
1300 2731 1466 2789 scripsi
1488 2746 1546 2777 ex
1567 2732 1852 2778 APBMMo

172 2794 360 2837 auctore
383 2793 609 2837 ReAnim
674 2796 738 2852 τῷ
771 2792 889 2838 CUI
913 2792 1005 2835 edd
1034 2791 1092 2836 τὰ
1118 2793 1182 2838 Ga
1248 2778 1481 2851 Ιπολλοστῷ
1511 2791 1672 2835 Iacobs
1713 2795 1720 2845 Ι
1761 2794 1850 2836 λει-

169 2851 351 2909 πόμενα
390 2838 722 2897 UIBMMoGa
842 2854 897 2894 14
937 2851 1012 2895 ἐπὶ
1053 2851 1104 2895 in
1141 2863 1217 2894 ras
1248 2849 1305 2894 1²
1373 2850 1423 2895 ἐν
1452 2837 1507 2895 U
1615 2855 1668 2894 16
1699 2847 1745 2894 δ’
1782 2850 1851 2895 Ro

233 2915 286 2955 18
321 2909 463 2967 ὁρμῆς
486 2910 532 2954 Ρ
673 2914 725 2954 19
758 2909 867 2966 spir.
901 2922 1037 2967 asper
1065 2910 1115 2954 in
1147 2907 1266 2965 ὁρμή
1295 2909 1344 2952 in
1375 2921 1450 2952 ras
1480 2907 1553 2954 1²²
