2090 3162
206 132 316 184 450
760 131 988 174 LIBANH
1020 131 1242 175 ORATIO
1276 131 1338 174 XI

206 276 317 320 τῶν
358 264 418 319 δὲ
466 275 529 336 τῇ
572 268 906 336 σωφροσύνῃ
947 275 1057 319 τῶν
1108 268 1325 335 τρόπων
1365 265 1455 319 καὶ
1502 269 1566 319 τὰ
1618 269 1894 321 δοκοῦντα

206 355 331 424 παρ’
395 355 601 423 ἀμφοῖν
657 348 971 422 εὐδοκιμεῖν
1026 357 1242 424 ἔχοντες
1298 353 1391 423 ἀφ’
1454 351 1533 409 ὧν
1588 356 1891 426 ἀμφότεροι

206 443 483 511 ψέγονται,
525 445 913 513 διαφεύγομεν.
983 444 1121 496 ὥστε
1153 442 1356 496 ἐκεῖνοι
1396 441 1496 512 μὲν
1535 444 1787 512 ἀλλήλων
1825 447 1894 498 τὰ

205 530 304 600 μὲν
343 536 750 600 πλεονεκτοῦσι,
789 533 854 584 τὰ
895 529 955 584 δὲ
994 532 1279 600 ἡττῶνται,
1319 533 1471 600 ἡμεῖς
1510 531 1570 585 δὲ
1610 532 1735 602 μεθ’
1771 533 1893 587 ἑκα-

161 643 179 674 5
205 620 377 690 τέρων
416 630 678 683 νικῶντες
715 619 828 687 μετ’
869 620 1177 690 οὐδετέρων
1208 622 1508 689 ἡττώμεθα.
1570 622 1654 673 41.
1695 630 1892 674 τοσοῦ-

203 729 300 761 τον
347 710 451 779 γὰρ
505 709 757 778 διέχομεν
804 709 1058 778 λιμένων,
1115 709 1250 762 ὅσον
1304 711 1442 778 ἡμᾶς
1495 712 1779 780 καθαρούς
1831 730 1890 763 τε

202 807 354 867 τηρεῖ
407 800 721 850 θαλαττίων
775 807 958 850 κακῶν
1011 797 1102 850 καὶ
1156 800 1422 866 μετόχους
1474 808 1621 851 ποιεῖ
1665 809 1775 851 τῶν
1829 798 1891 851 ἐκ

201 887 476 954 θαλάττης
529 891 726 939 καλῶν.
806 887 1019 939 στάδιοι
1073 887 1199 955 γὰρ·
1233 887 1293 939 τὸ
1350 887 1520 954 μέσον
1575 893 1748 940 εἴκοσι
1798 889 1889 940 καὶ

203 975 412 1043 ἑκατόν,
454 977 591 1028 ὥστε
631 976 768 1045 ἀνὴρ
804 977 1035 1040 εὔζωνος
1068 976 1175 1042 ἅμα
1206 977 1339 1047 ἡλίῳ
1376 975 1627 1045 κινηθεὶς
1658 975 1890 1029 ἐνθένδε

138 1086 179 1116 10
203 1073 381 1131 κομιεῖ
419 1083 471 1116 τι
510 1073 621 1116 τῶν
660 1063 877 1118 ἐκεῖθεν
915 1062 995 1117 ἔτι
1033 1066 1368 1133 μεσημβρίας
1408 1064 1655 1133 ἑστώσης.

109 1166 259 1209 R287
353 1153 439 1204 42.
504 1151 646 1221 Περὶ
707 1149 808 1219 μὲν
869 1148 972 1205 οὐν
1034 1151 1292 1223 φύσεωςΙ
1335 1161 1434 1221 γῆς
1493 1152 1583 1206 καὶ
1645 1154 1893 1223 κράσεως

200 1240 376 1310 ἀέρων
414 1239 505 1294 καὶ
554 1248 651 1294 τοῦ
699 1241 836 1310 πρὸς
883 1242 1165 1294 θάλατταν
1205 1243 1476 1310 σχήματος
1523 1241 1888 1311 ἀποχρώντως

202 1335 329 1393 ἰσως
376 1336 599 1399 εἴρηται.
678 1329 940 1399 ἐχόμενον
987 1328 1035 1382 δ’
1084 1329 1153 1383 ἂν
1200 1336 1282 1399 εἴη
1332 1332 1579 1383 διελθεῖν
1618 1330 1744 1401 περὶ
1791 1340 1891 1400 τῆς

200 1420 476 1487 εὐγενείας
515 1428 626 1471 τῶν
664 1421 1047 1488 κατασχόντων
1085 1421 1186 1487 τὴν
1232 1420 1417 1488 χώραν
1461 1417 1552 1471 καὶ
1591 1429 1702 1472 τῶν
1739 1421 1889 1489 πρώ-

135 1529 176 1562 15
201 1528 312 1560 των
349 1509 440 1560 καὶ
479 1517 590 1560 τῶν
629 1507 903 1576 δευτέρων
942 1506 1033 1560 καὶ
1071 1517 1184 1560 τῶν
1215 1507 1298 1561 ἐπ’
1330 1507 1560 1570 ἐκείνοις
1590 1507 1680 1560 καὶ
1713 1507 1888 1571 δεῖξαι

196 1604 380 1664 πᾶσιν,
435 1597 508 1659 ὡς
564 1598 596 1665 ἡ
646 1596 838 1665 ἀρίστη
887 1606 997 1649 τῶν
1045 1596 1285 1665 ἀρίστων
1339 1596 1580 1664 ἐγένετο,
1632 1597 1884 1666 καθάπερ

196 1688 496 1754 πλωτήρων
536 1684 765 1752 ἀγαθῶν
803 1681 863 1737 εὐ
919 1683 1254 1754 πεποιημένη
1295 1693 1443 1748 ναῦς.
1520 1685 1606 1737 43.
1656 1685 1746 1737 καὶ
1784 1705 1884 1751 μα-

196 1777 425 1843 κρότερα
479 1770 580 1842 μὲν
637 1771 774 1836 δόξω
829 1781 928 1826 τοῦ
982 1781 1179 1843 καιροῦ
1235 1773 1432 1842 λέγειν,
1495 1775 1766 1842 εἰρήσεται
1821 1770 1882 1826 δὲ

197 1863 506 1916 πολλοστὸν
546 1858 623 1915 ὧν
663 1863 838 1915 εἰπεῖν
877 1862 1099 1925 ἔξεστιν.
1171 1867 1349 1915 αἴτιον
1389 1859 1450 1914 δὲ
1488 1872 1600 1915 τῶν
1640 1862 1888 1931 ἀρχαίων

130 1973 174 2005 20
198 1953 259 2004 τὸ
300 1954 533 2019 πλῆθος,
575 1949 645 2003 δι’
693 1950 721 2003 ὃ
761 1961 872 2004 τῶν
911 1955 1132 2004 πολλῶν
1173 1950 1568 2019 σιωπηθέντων
1605 1952 1666 2003 τὸ
1707 1950 1889 2020 ῥηθὲν·

197 2047 295 2092 τοῦ
337 2042 544 2108 μήκους
584 2039 649 2092 οὐ
692 2038 1043 2109 διαφεύξεται
1084 2038 1262 2102 δόξαν.
1323 2041 1424 2108 τὴν
1454 2037 1555 2106 μὲν
1587 2035 1690 2092 οὖν
1729 2038 1882 2108 ἀκρί-

194 2132 352 2197 βειαν
391 2129 444 2181 αἱ
493 2127 810 2197 συγγραφαὶ
859 2127 1221 2197 φυλάξουσιν,
1268 2128 1400 2196 ἡμῖν
1446 2125 1507 2180 δὲ
1547 2127 1649 2180 ὅσα
1685 2126 1882 2196 πρέπει

195 2217 332 2286 πρὸς
370 2217 430 2269 τὸ
470 2218 650 2284 παρὸν
690 2215 900 2287 ῥητέον.

313 2337 338 2374 9
362 2332 468 2375 Her.
494 2332 515 2375 I
541 2337 608 2376 72.
637 2337 734 2376 104.
782 2332 825 2375 H
849 2337 917 2376 34.
965 2332 1108 2376 Thuc.
1134 2332 1178 2376 H
1201 2336 1256 2375 97
1380 2336 1434 2375 22
1469 2330 1534 2375 Cf.
1559 2331 1664 2374 Alb.
1700 2331 1876 2375 Gratul.

199 2390 250 2433 in
279 2391 385 2434 hon.
418 2391 650 2435 Herwerd.
684 2407 729 2448 p.
754 2396 810 2434 47
829 2405 895 2446 sq.

314 2498 339 2535 3
371 2492 598 2550 ψέγονται
631 2508 654 2538 e
685 2494 944 2550 ψεύδονται
976 2508 1077 2538 corr
1109 2493 1216 2538 Mo²
1243 2495 1250 2551 Ι
1285 2490 1391 2537 ὥστ’
1420 2493 1504 2537 Mo
1527 2493 1645 2536 Plan
1672 2496 1678 2550 Ι
1704 2510 1761 2536 τα
1793 2493 1883 2550 μὲν·

194 2551 435 2608 ἡττῶνται,
466 2568 523 2595 τα
556 2552 606 2598 δὲ
637 2556 990 2598 πλεονεκτοῦσιν
1022 2554 1139 2597 Plan
1290 2557 1314 2595 6
1347 2567 1394 2596 τε
1427 2566 1500 2595 om
1535 2554 1618 2596 Mo
1766 2557 1792 2596 8
1823 2553 1875 2597 τὸ

195 2625 270 2654 om
294 2613 339 2655 A
460 2615 484 2654 9
518 2611 717 2666 ὥστε-
751 2616 806 2656 10
838 2611 1032 2668 ἑστώσης
1065 2613 1181 2656 citab
1209 2611 1327 2654 Plan
1358 2610 1438 2654 fol.
1466 2615 1549 2654 103
1680 2616 1733 2654 10
1767 2610 1876 2655 εἴΑ

195 2670 277 2714 sed
309 2670 471 2713 acutus
495 2670 565 2713 m²
688 2676 741 2715 13
772 2671 878 2727 περὶ
908 2678 1000 2714 τῶν
1024 2669 1267 2729 προγόνων
1298 2670 1464 2714 titulus
1496 2669 1545 2712 in
1575 2684 1710 2727 marg
1736 2671 1818 2715 OB

197 2734 251 2773 14
282 2727 569 2786 κατεχόντων
601 2730 646 2772 Β
689 2732 694 2786 Ι
736 2730 891 2787 χώραν
923 2731 955 2773 Ι
981 2730 1063 2774 sed
1093 2731 1220 2789 χώρα
1251 2730 1300 2772 in
1330 2741 1406 2772 ras
1437 2728 1514 2771 111²
1601 2727 1738 2774 πόλιν
1781 2730 1826 2774 U

299 2783 379 2845 ἐπ’,
417 2784 611 2837 ἐκείνοις
1475 2831 1484 2841 ,

197 2836 251 2875 15
284 2848 363 2888 μετ
418 2829 623 2882 ἐκείνους
654 2834 690 2876 Ι
757 2829 855 2889 μετ’
890 2830 1097 2883 ἐκείνους
1135 2833 1180 2878 U
1324 2835 1378 2875 16
1411 2831 1439 2887 ἡ
1471 2847 1520 2874 m
1550 2845 1625 2875 ras
1661 2832 1725 2876 Ov
1799 2845 1874 2874 om

194 2892 329 2935 BMo
378 2891 384 2949 Ι
435 2889 608 2947 ἐγένετο
647 2891 716 2934 Re
861 2895 914 2934 17
955 2909 989 2935 ω
1036 2892 1086 2934 in
1131 2889 1382 2947 πλωτήρων
1430 2904 1485 2933 ex
1523 2907 1547 2934 ο
1588 2903 1690 2934 corr
1727 2890 1788 2933 Μ
1798 2889 1815 2914 ²

196 2953 252 2992 20
285 2949 360 2993 διὸ
391 2949 500 2993 libri
531 2949 633 2992 Mor
782 2954 837 2993 23
870 2966 895 2994 ο
926 2949 975 2993 in
1007 2950 1161 3005 παρὸν
1191 2951 1242 2994 in
1271 2963 1348 2993 ras
1379 2949 1451 2994 P²
