2090 3162
215 120 325 171 424
767 117 993 160 LIBANH
1026 116 1247 161 ORATIO
1280 115 1342 158 XI

218 253 339 306 καθ’
385 256 501 307 ὁδὸν
553 250 817 323 ἵππότηνῙ)
869 254 1155 321 ὑποσχέθην
1204 254 1286 304 καὶ
1335 254 1610 304 κατένευσα.
1688 254 1898 325 ἁρμονία

222 330 374 390 ὅντως
413 331 647 398 παιδιακῇ
689 337 862 378 τοῦτον
902 327 927 378 ὁ
967 329 1202 393 σοφιστής
1241 330 1610 393 κατακοσμήσας
1650 329 1895 388 ἐξετέλεσε“

217 405 333 464 λέξω
373 404 462 470 γὰρ
502 404 546 453 εἰ
581 403 662 452 καὶ
702 403 882 467 δεινὸν,
932 403 1125 452 ἅπασαν
1165 402 1254 466 τὴν
1293 410 1378 467 τῆς
1417 402 1592 452 ἑαυτοῦ
1630 403 1897 468 ἐπιστήμης

224 479 466 542 παιδείαν,
520 475 586 536 ὡς
638 475 817 536 κάυτὸς
870 477 1072 543 ὕστερον
1126 475 1256 541 ὄψει,
1316 476 1560 526 ἐνταυθοῖ
1602 478 1900 543 προσθήκην

220 551 483 617 ἠβουλήθη
537 551 758 616 ποιήσαι·
810 559 950 600 τοῦτο
1005 549 1058 600 δὲ
1112 548 1205 617 ἄρα
1251 549 1479 615 ἐποίησα,
1526 550 1578 600 τὸ
1626 550 1729 615 μὲν,
1776 551 1899 600 κατὰ

217 627 369 692 χάριν.
433 625 484 675 τὸ
525 623 594 690 δὲ,
635 621 699 674 ἵν’
737 625 869 683 ὅπως
908 619 982 673 ἐπ’
1021 623 1144 687 ὄψια
1182 623 1302 688 ὑμῖν
1341 623 1511 673 αὐτοῖν
1550 623 1607 673 τὰ
1645 626 1899 691 γράμματα

215 699 430 766 γένηται·
470 697 553 748 καὶ
591 699 634 747 εἰ
671 696 759 763 μὲν
799 699 939 747 δοκεῖ
963 703 1025 766 τῷ
1059 699 1212 768 κυρίῳ
1244 692 1607 767 καρδηναλίῳ2>
1640 698 1722 748 καὶ
1755 699 1897 768 αὐτῷ,

217 773 482 839 γενήσομαι
519 771 651 839 παρὰ
689 779 745 840 τῇ
787 772 1044 841 παγκάλλῳ
1084 771 1224 836 ὑμῶν
1265 769 1498 838 ὃμηγύρει
1537 771 1618 820 καὶ
1657 771 1898 838 ἀθροίσει,

216 847 267 896 τὸ
308 855 392 911 τῆς
431 846 550 911 ἐμῆς
589 846 856 910 ἐπιστήμης
893 853 1051 894 ποιῶν
1089 845 1210 902 κατὰ
1250 846 1477 909 δύναμιν.
1547 845 1737 912 ἐπείπερ
1779 844 1894 911 μεθ’

217 965 410 1023 οὔτινος
449 938 689 1028 δεσπότήτή
728 971 1054 1013 συνοικοῦντα
1096 982 1152 1027 με
1184 964 1421 1030 τυγχάνω,
1453 963 1537 1013 τὸν
1569 963 1680 1029 ἑξῆς
1711 963 1897 1031 ὑπουρ-

215 1043 319 1105 γεῖν
367 1038 543 1105 χρόνον
591 1037 650 1087 οὐ
697 1038 956 1102 βούλομαι·
1012 1035 1044 1102 ’ἡ
1086 1034 1130 1086 δ’
1175 1037 1327 1103 αἰτία,
1376 1037 1435 1087 οὐ
1462 1078 1471 1086 .
1499 1078 1544 1087 ..
1578 1032 1668 1106 ιι3)
1715 1037 1898 1088 λεκτέα’

217 1111 326 1177 περὶ
366 1110 418 1161 δὲ
456 1119 542 1161 τοῦ
590 1117 798 1176 μισθοῦ,
847 1112 979 1171 ὅπως
1025 1111 1143 1176 ὑμῖν
1181 1110 1263 1160 καὶ
1310 1120 1451 1161 τοῦτο
1499 1112 1651 1177 δῆλον
1690 1112 1898 1177 ποιήσω,

219 1181 324 1235 οἷον
365 1184 426 1234 ἂν
465 1187 739 1251 βουληθείη
781 1183 805 1234 ὅ
845 1186 1031 1252 κύριος,
1069 1183 1151 1234 καὶ
1190 1184 1295 1250 ἐμοὶ
1335 1186 1659 1250 καταθύμιον.
1724 1187 1899 1251 καίτοι,

216 1261 291 1319 δίς
341 1259 421 1309 καὶ
471 1265 595 1325 τρεῖς
645 1268 730 1309 τοῦ
778 1259 936 1309 κόπου
982 1258 1165 1324 ἤνυσεν
1205 1254 1305 1308 οἶδε
1344 1267 1486 1309 τοῦτο
1526 1259 1643 1319 θεὸς
1682 1258 1898 1324 τοῦνομα

215 1334 383 1399 κύριος
428 1328 799 1401 χριστόφορος4)
847 1332 978 1399 παρὰ
1024 1341 1110 1382 τοῦ
1157 1334 1332 1399 κυρίου
1372 1332 1524 1383 αὐτοῦ
1563 1334 1898 1400 καρὸηναλίου

215 1408 459 1474 ρεὸόλφου
471 1402 513 1475 ⁵)
539 1406 847 1472 πεμπόμενος
870 1410 1159 1474 προσκαλῶν
1185 1426 1239 1471 με
1265 1407 1576 1472 συνοικήσειν
1601 1403 1700 1472 μετ’
1723 1407 1899 1457 αὐτῶν.

215 1539 334 1589 ἀλλὰ
385 1539 447 1604 δὴ
496 1539 578 1589 καὶ
616 1539 747 1605 παρὰ
785 1547 872 1589 τοῦ
923 1534 1210 1607 σαλβιάτηθ)
1262 1541 1486 1606 καρδηνά
1537 1540 1763 1605 μάλιστα,
1814 1548 1901 1605 τῆς

214 1621 460 1680 γραφικῆς
499 1613 765 1678 ἐπιστήμης
805 1613 996 1663 οὕνεκα.
1073 1609 1177 1662 ἀλλ’
1221 1613 1312 1662 οὐκ
1350 1613 1546 1679 ἔνευσα,
1596 1613 1685 1673 ἕως
1724 1614 1806 1663 ἴνα
1844 1615 1897 1664 τὸ

216 1687 447 1753 ὑμέτερον
486 1688 575 1737 ἴδω
621 1687 867 1752 βούλημαε
924 1686 1103 1753 ἔρρωσο
1143 1686 1398 1753 λογιώτατέ
1445 1706 1526 1752 μοι
1574 1687 1802 1737 δέσποτατ
1842 1709 1899 1728 ω

216 1761 300 1821 σὸς
339 1759 544 1826 οἰκέτης,
585 1762 885 1828 φραγκίσκος
923 1755 1198 1828 γραικός7>ε
1239 1783 1295 1801 Ν

326 1835 378 1884 τὸ
417 1834 566 1885 πλέον
603 1842 691 1884 τοῦ
729 1835 877 1901 λόγου
916 1835 1092 1894 νυκτὸς
1131 1833 1321 1901 ἔγραψα
1357 1842 1413 1904 τῇ
1455 1830 1727 1903 ἀσχολίᾳ8);
1767 1857 1825 1875 Ν

326 1910 446 1958 Post
458 1903 498 1976 9)
546 1911 707 1971 varia,
753 1913 810 1957 ut
854 1910 1086 1972 idyllium
1125 1910 1463 1972 Xenophontis
1512 1913 1561 1958 et
1598 1910 1900 1958 Philemonis

215 1984 495 2032 nominibus
519 1985 811 2046 inscriptum
835 1983 918 2032 fol.
940 1985 1042 2032 115
1063 1987 1112 2032 et
1133 1985 1233 2031 116
1250 1977 1312 2050 ¹⁰)
1340 1987 1389 2032 et
1412 1985 1599 2032 scholia
1621 1985 1674 2031 in
1697 1984 1902 2032 Hesiodi

336 2157 379 2210 1)
412 2176 466 2191 -—-
493 2153 583 2197 Via
614 2153 714 2198 lata
745 2153 934 2211 (Corso).

339 2215 381 2268 2)
414 2212 559 2256 Santa
591 2212 732 2257 Croce
762 2213 836 2257 vel
868 2212 1062 2257 Sirletus
1094 2213 1167 2258 vel
1200 2212 1455 2258 Columna?

335 2274 377 2328 3)
409 2271 521 2315 Post
564 2272 619 2316 οὐ
661 2273 756 2316 tres
797 2271 895 2316 fere
937 2271 1123 2316 litterae
1156 2273 1378 2330 abreptae
1410 2275 1538 2327 sunt,
1578 2285 1692 2327 quas
1725 2290 1752 2316 κ
1786 2272 1900 2330 §om

215 2330 359 2375 fuisse
393 2331 591 2374 coniecit
619 2331 651 2374 Ι.
679 2331 908 2374 Sturmius
939 2331 1047 2387 Byz.
1081 2331 1299 2375 Zeitschr.
1326 2332 1367 2375 V
1392 2337 1498 2385 561,
1532 2332 1662 2375 cuius
1695 2333 1901 2375 ceterum

216 2389 339 2433 leves
382 2403 556 2434 errores
591 2390 743 2434 tacite
775 2390 963 2434 correxi.

336 2449 379 2504 4)
413 2447 767 2505 Christophorus
798 2449 934 2493 Auer.
999 2447 1064 2492 Cf.
1100 2448 1288 2503 Omont,
1330 2449 1558 2493 Manuscr.
1593 2463 1723 2506 grecs
1764 2449 1820 2492 de
1852 2448 1901 2493 la

216 2506 330 2550 bibl.
363 2505 472 2550 Nat.
505 2508 672 2551 introd.
705 2523 750 2564 p.
776 2507 999 2551 XXXVII.

336 2567 380 2622 5)
411 2565 595 2610 Ridolfi.

336 2629 379 2679 6)
409 2624 603 2668 Ioannes
635 2625 693 2668 de
726 2625 956 2669 Salviatis.

338 2685 380 2740 7)
402 2682 525 2727 Num
549 2683 820 2728 Franciscus
846 2683 1034 2728 Gladius
1052 2683 1281 2741 Cretensis
1307 2684 1386 2741 qui
1412 2698 1531 2728 anno
1559 2689 1671 2729 1552
1689 2684 1899 2728 Venetiis

218 2741 467 2799 descripsit
498 2742 705 2787 codicem
735 2742 1061 2787 Monacensem
1092 2759 1159 2801 gr.
1196 2743 1278 2787 10'4
1296 2748 1316 2787 ἱ)

337 2803 380 2857 8)
413 2801 478 2845 Cf.
511 2800 543 2843 Ι.
571 2801 738 2855 Sturm,
770 2801 878 2857 Byz.
905 2801 1124 2845 zeitschr.
1151 2801 1192 2845 V
1217 2806 1314 2846 560.

336 2862 378 2916 9)
411 2859 543 2903 Folia
576 2865 684 2904 110v
716 2862 763 2904 et
795 2866 877 2904 111
911 2873 1058 2904 vacua
1087 2861 1252 2904 relicta
1283 2863 1401 2904 sunt.

340 2920 409 2975 10)
442 2918 510 2961 Ex
541 2918 628 2963 hoc
661 2919 820 2964 codice
852 2919 1002 2963 edidit
1031 2919 1064 2963 Ι.
1093 2919 1258 2973 Stum,
1284 2920 1390 2976 Byz.
1419 2919 1637 2964 Zeitschr.
1662 2919 1704 2962 X
1726 2923 1811 2962 433
1830 2932 1896 2974 sq.
