2090 3162
722 92 946 135 LIBANH
978 92 1201 136 ORATIO
1236 92 1297 136 XI
1734 93 1841 146 535

159 228 221 282 ἐν
251 227 546 297 μεγέθεσιν
578 228 997 295 ἀναφροδίτους.
1060 227 1304 280 ἐνταῦθα
1338 229 1398 280 ὁὲ
1437 228 1468 295 ἡ
1509 229 1605 280 τὸν
1632 226 1843 295 ’Έρωτα

162 324 395 370 τεκοῦσα
434 317 566 378 θεὸς
605 317 764 385 χάριν
803 324 900 369 τοῦ
941 316 1212 384 μεγέθους
1260 316 1497 384 κατέχεε,
1545 315 1648 370 κᾶν
1687 317 1843 385 ἀφεὶς

161 406 366 473 ταύτην
411 402 580 474 ἔλθῃς
626 403 873 474 ἑτέρωσε,
921 406 1084 473 τῆσδε
1129 407 1399 474 μεμνήσῃ,
1450 404 1553 457 κᾶν
1601 407 1842 458 ἄλλοθεν

164 494 331 563 ἀφίκῃ
373 494 563 562 δεῦρο,
605 496 740 564 λήσῃ
780 503 890 546 τῶν
928 491 1259 561 ἔμπροσθεν.
1337 494 1424 546 διὸ
1464 492 1553 545 καὶ
1594 495 1839 561 συγγνώ-

160 604 269 653 μην
307 581 454 651 ἕχειν
484 582 639 646 ἄξιον
669 591 784 644 τοῖς
816 581 1027 649 γονέων
1058 602 1114 634 τε
1146 580 1235 634 καὶ
1266 583 1548 649 πατρίδων
1585 581 1645 634 ἐν
1676 582 1839 651 ὑπερ-
1887 604 1906 635 5

165 674 297 742 οψίᾳ
354 676 699 724 καθεστῶσιν
748 670 855 723 ὑπὸ
906 679 1016 723 τῶν
1073 669 1133 723 ἐν
1184 678 1247 740 τῇ
1302 672 1458 723 πόλει
1517 672 1841 739 φαρμάκων·

163 757 315 814 εἶδόν
363 779 420 812 τε
471 761 575 829 γὰρ
628 759 751 811 οἵαν
805 758 905 811 οὐκ
956 759 1128 826 ἄλλην
1177 757 1268 811 καὶ
1322 763 1503 811 ἴσασιν
1549 756 1629 811 ἐπ’
1677 756 1842 811 οὐδὲν

160 849 354 918 ὅμοιον
392 846 625 915 ἥξοντες.

272 936 395 989 272.
436 935 770 988 Ἐκτέτισταί
810 956 903 1004 μοι
950 936 1010 987 τὸ
1066 937 1200 1003 πρὸς
1245 936 1347 1003 τὴν
1392 933 1744 1002 ἐνεγκοῦσαν,
1800 932 1841 988 ὦ

159 1028 450 1095 παρόντες,
496 1024 653 1093 χρέος
691 1033 785 1093 τῆς
830 1021 931 1092 μὲν
970 1022 1253 1093 δυνάμεως
1293 1023 1360 1076 οὐ
1399 1032 1600 1093 χεῖρον,
1648 1032 1740 1092 τῆς
1780 1021 1839 1076 δὲ
1866 1047 1907 1078 ιο

158 1116 470 1182 βουλήσεως
516 1110 702 1181 ἧττον·
756 1110 894 1181 ὑπὲρ
944 1110 1004 1165 δὲ
1042 1121 1140 1165 τοῦ
1188 1112 1483 1181 μέλλοντος
1528 1111 1726 1179 εἴποιμ’
1772 1111 1841 1164 ἂν

158 1208 405 1272 θαρρῶν,
458 1202 539 1254 ὅτι
594 1202 689 1254 τὸν
737 1198 839 1267 μὲν
888 1209 987 1253 τοῦ
1039 1203 1268 1254 πολίτου
1317 1203 1483 1268 λόγον
1523 1206 1653 1262 ἰσως
1698 1201 1842 1264 τινὲς

159 1291 627 1360 ὑπερβαλοῦνται,
673 1298 736 1359 τῇ
783 1292 938 1342 πόλει
980 1286 1038 1342 δὲ
1081 1290 1248 1357 λόγον
1287 1286 1417 1341 οὐδὲ
1458 1282 1535 1351 εἷς
1581 1287 1839 1351 ἐξισώσει.

279 1486 304 1525 9
338 1480 456 1524 Plat.
489 1479 684 1523 Phaedr.
717 1495 760 1536 p.
790 1484 872 1522 257
892 1480 931 1521 A

278 1662 302 1700 2
335 1655 425 1701 κᾶν
450 1683 505 1690 -
534 1663 561 1700 4
593 1657 856 1714 ἔμπροσθεν
890 1655 1005 1700 citat
1036 1656 1152 1700 Plan
1184 1655 1261 1700 fol.
1290 1659 1370 1699 99V
1490 1662 1516 1699 4
1548 1674 1574 1700 κ
1607 1656 1656 1698 in
1688 1652 1837 1712 ἀφίκῃ

157 1717 208 1760 in
238 1730 314 1760 ras
346 1716 402 1760 1²
470 1714 615 1775 ἀφίξῃ
654 1716 870 1760 UBMoa
908 1720 914 1770 Ι
952 1714 1062 1772 λήση
1097 1715 1261 1770 scripsi
1293 1728 1317 1758 e
1344 1715 1556 1760 MMoCa
1587 1717 1839 1771 praeeunte

157 1777 227 1819 Re
250 1775 386 1818 Anim
460 1774 583 1831 λήθη
615 1774 785 1829 reliqui
816 1773 926 1817 libri
957 1762 1048 1818 edd
1120 1773 1301 1830 ιηθήση
1334 1773 1450 1817 Plan
1570 1779 1594 1817 9
1629 1772 1840 1830 ἐπίλογος

157 1833 324 1877 titulus
355 1835 404 1877 in
436 1848 568 1891 marg
601 1834 643 1877 A
774 1838 827 1876 10
860 1849 880 1876 ε
912 1834 962 1877 in
993 1831 1125 1892 χρέος
1156 1833 1206 1876 in
1235 1847 1309 1876 ras
1342 1833 1413 1876 P*
1537 1837 1588 1876 1‘2.
1623 1833 1646 1876 ὸ
1680 1833 1727 1875 in
1758 1833 1838 1876 τὸν

159 1894 209 1937 in
240 1907 314 1936 ras
345 1893 403 1936 1²
548 1897 600 1936 13
633 1893 788 1943 οὐδεὶς
821 1893 881 1937 Μ
