2090 3162
681 116 907 160 LIBANH
939 115 1162 160 ORATIO
1194 117 1257 159 XI
1699 118 1766 168 47
1775 119 1807 169 9

130 254 453 315 δυναστείας
485 245 606 304 οἷον
630 252 939 320 ἀκρόπολις,
971 250 1061 304 καὶ
1093 253 1227 321 τύχῃ
1260 271 1316 304 τε
1350 251 1532 321 ἀγαθῇἺ
1566 252 1809 316 συνέζων

129 340 332 394 ἐνθάδε
382 342 471 393 καὶ
522 349 635 403 τοῖς
686 340 1069 409 ἁπανταχόθεν
1126 342 1290 409 τήνδε
1342 340 1638 409 ἐπήσκουν·
1693 341 1808 393 ἐπεὶ

131 430 191 483 δὲ
229 432 329 499 τὴν
365 427 466 496 μὲν
505 428 731 482 ἐκείνων
769 429 942 498 ἀρχὴν
981 431 1206 497 ἔστησεν
1239 429 1267 482 ὁ
1301 431 1451 497 θεός,
1489 437 1553 498 τῇ
1594 426 1655 481 δὲ
1687 427 1809 482 Ῥω-

129 521 306 587 μαίων
345 512 468 570 οἷον
500 524 654 588 σειρᾷ
693 526 867 587 χρυσῇ
900 519 965 570 τά
1003 518 1181 570 πάντα
1213 517 1437 586 ἐζώννυ,
1476 517 1678 587 ταχέως
1708 515 1809 584 μὲν

134 607 332 678 ᾔσθετο
371 614 464 675 τῆς
503 605 563 659 ἐν
603 606 820 678 οὐρανῷ
852 608 1083 674 βουλῆς,
1131 606 1374 675 ἀψοφητὶ
1414 603 1475 659 δὲ
1513 608 1614 674 τὴν
1652 626 1808 675 μετα-
1856 629 1877 661 5

127 697 301 764 βολὴν
354 694 585 758 ἐδέξατο.
678 690 756 747 ὧν
810 692 869 746 δὲ
925 694 1227 762 ἀναγκαῖον
1280 691 1350 762 ἦν
1403 695 1664 763 γενέσθαι
1719 695 1808 747 καὶ

127 783 525 853 μεμαχημένην,
549 784 765 846 τούτοις
789 782 980 852 ἀμαχεὶ
1005 783 1310 853 προσέθετο
1337 785 1588 854 καθαρὸν
1612 786 1809 853 δυσμε-

126 875 275 935 νείας
328 874 426 926 τὸν
479 871 747 941 μέλλοντα
799 873 1284 941 παρασκευάζουσα
1336 875 1542 943 χρόνον
1595 873 1685 926 καὶ
1741 874 1806 926 οὐ

128 962 361 1014 διδοῦσα
406 963 687 1029 πρόφασιν
731 970 1102 1030 μνησικακεῖν.
1183 962 1301 1014 130.
1349 970 1647 1032 τοιγαροῦν
1687 962 1807 1014 ἀντὶ

127 1051 326 1118 ταύτης
369 1058 463 1118 τῆς
509 1051 756 1112 διανοίας
793 1051 1049 1118 τοιαύτης
1095 1049 1368 1103 ἀπέλαυσε
1407 1059 1501 1119 τῆς
1539 1061 1650 1104 τῶν
1686 1051 1808 1119 ἡγε-
1833 1074 1876 1104 10

126 1141 312 1206 μόνων
334 1140 615 1206 προνοίας,
649 1139 786 1191 ὥστε
816 1137 963 1206 γένει
987 1141 1161 1205 μόνον
1184 1137 1338 1202 ἔδοξε
1368 1142 1808 1207 μεταβεβλῆσθαι

125 1229 187 1281 τὸ
220 1235 314 1295 τῆς
354 1226 541 1295 ἀρχῆς·
581 1227 653 1289 ὡς
690 1228 723 1295 ἥ
756 1247 817 1294 γε
847 1236 958 1280 τῶν
992 1225 998 1298 Ι
1034 1227 1265 1294 ἀγαθῶν
1296 1230 1444 1298 φορὰ
1481 1227 1550 1281 δι’
1592 1234 1716 1281 ι”σου
1747 1242 1898 1284 R314

125 1324 325 1385 παρῆν,
362 1316 612 1383 καθάπερ
653 1315 753 1384 οὐχ
793 1314 994 1386 ἑτέρων
1025 1316 1126 1385 μὲν
1156 1318 1463 1370 κτισάντων
1493 1319 1594 1385 τὴν
1624 1320 1805 1386 πόλιν,

127 1403 327 1474 ἑτέρων
358 1404 419 1456 δὲ
449 1406 885 1472 παρειληφότων,
925 1404 1062 1457 ἀλλὰ
1094 1402 1372 1474 Ῥωμαίων
1413 1405 1445 1457 ἃ
1484 1406 1544 1458 τὸ
1584 1415 1806 1476 πρῶτον

127 1492 391 1561 ἐποίησαν
430 1491 668 1561 ἐχόντων
706 1491 796 1545 καὶ
835 1493 935 1560 τὴν
975 1492 1279 1560 ἀναγκαίαν
1310 1495 1537 1547 εὔνοιαν
1576 1496 1711 1563 πρὸς
1741 1497 1806 1547 τὰ
1830 1517 1895 1570 15¹

127 1581 308 1634 αὑτῶν
361 1582 493 1650 ἔργα
547 1582 846 1645 σωζόντων.
923 1581 1097 1644 οὕτως
1152 1582 1338 1645 αὐτοῖς
1382 1586 1483 1652 τήν
1528 1603 1585 1635 τε
1634 1584 1806 1653 ὑπάρ-

125 1683 336 1739 χουσαν
382 1668 608 1732 ἀξίωσιν
654 1667 922 1739 ἐτήρησαν
968 1669 1058 1723 καὶ
1118 1670 1216 1739 ὅση
1256 1670 1381 1740 παρ’
1429 1672 1615 1735 αὐτοῖς
1652 1674 1805 1725 νενό-

124 1772 311 1826 μισται
345 1757 696 1826 προσέθεσαν
726 1756 817 1810 καὶ
847 1758 909 1811 τὸ
948 1761 1288 1829 μητρόπολιν
1327 1755 1469 1813 εἶναι
1506 1768 1602 1829 τῆς
1628 1759 1806 1823 Ἀσίας

127 1846 229 1899 οὐκ
268 1844 656 1915 ἀπεστέρησαν.

242 1933 360 1985 131.
408 1934 561 2003 Πρὸς
606 1930 708 2000 μὲν
745 1929 848 1987 οὗν
885 1936 1016 1998 τοὺς
1063 1934 1354 2005 οἰομένους
1393 1937 1461 1989 οὐ
1499 1937 1666 1990 πάλαι
1704 1938 1805 2006 τὴν
1828 1960 1872 1992 20

126 2023 291 2075 πόλιν
330 2020 461 2090 ἡμῖν
499 2019 560 2074 ἐν
599 2023 743 2094 λόγῳ
782 2024 1119 2077 καθεστάναι
1155 2032 1327 2077 ταῦτα
1365 2025 1631 2094 εἰρήσθω·
1668 2026 1805 2094 πρὸς

128 2107 190 2163 δὲ
219 2112 348 2173 τοὺς
386 2110 491 2164 ἀπὸ
530 2114 782 2180 λαμπροῦ
821 2114 1092 2181 σχήματος
1128 2119 1527 2183 κατενεχθῆναι
1566 2115 1632 2166 τὰ
1668 2133 1804 2185 παρ-

247 2333 272 2372 2
297 2327 491 2375 ἐνθένδε
514 2331 549 2374 Ι
574 2331 655 2374 sed
687 2347 736 2375 εν
761 2343 817 2374 ex
840 2348 870 2374 α
894 2345 995 2375 con·
1017 2331 1087 2375 m²
1207 2336 1232 2375 3
1262 2330 1336 2383 εός
1358 2331 1408 2375 in
1430 2330 1546 2384 θεός
1575 2332 1625 2375 in
1648 2346 1722 2376 ras
1746 2333 1804 2377 Ι2

187 2393 212 2431 3
243 2394 299 2445 τῆ
331 2387 382 2434 δὲ
413 2415 470 2422 —-
501 2394 529 2432 4
561 2390 731 2442 ἐζώννυ
772 2390 889 2434 citat
918 2390 1034 2434 Plan
1066 2390 1145 2434 fol.
1171 2396 1226 2435 99
1378 2397 1403 2435 3
1436 2389 1652 2448 ῤ’ωμαίων
1682 2392 1803 2460 ἀρχὴ

33 2464 38 2477 ·
126 2447 244 2492 Plan
389 2453 416 2491 4
456 2447 625 2501 ἐζώννυ
665 2449 689 2494 ὁ
727 2448 842 2500 θεός
879 2449 995 2493 Plan
1146 2454 1169 2493 7
1210 2449 1536 2509 μεμαχημένην
1574 2451 1739 2508 scripsl
1777 2465 1803 2495 e

126 2507 173 2551 P
200 2505 299 2562 (sed
323 2524 350 2551 ν
374 2510 572 2565 erasum)
596 2509 659 2551 M
678 2509 777 2564 (sed.
811 2526 835 2552 ν
867 2508 915 2551 in
946 2521 1021 2552 ras
1054 2522 1079 2552 e
1110 2523 1150 2564 σ,
1180 2511 1234 2553 ut
1257 2509 1453 2564 videtur,
1478 2512 1596 2567 corr)
1663 2526 1803 2567 μεμα-

126 2564 325 2623 χημένης
350 2566 664 2612 ΟΑΙΒΜοΟα
679 2567 782 2611 Μοι·
847 2565 1183 2626 μεμαχημένοις
1215 2570 1260 2614 U
1274 2569 1356 2623 Re,
1389 2569 1470 2625 qui
1494 2568 1636 2613 etiam
1659 2585 1802 2626 μεμα-

125 2622 300 2682 χημένῃ
343 2625 543 2669 coniecit
590 2627 596 2684 Ι
644 2627 824 2676 τούτοις
854 2653 909 2658 -
941 2625 1198 2681 προσέθετο
1241 2628 1357 2672 citat
1386 2627 1504 2672 Plan
1546 2627 1625 2672 fol.
1658 2633 1713 2672 99

129 2687 155 2726 8
188 2682 373 2727 ἅπαντα
408 2684 473 2728 Ga
615 2689 670 2728 10
702 2684 937 2739 ἀπήλαυσε
970 2686 1097 2731 Mea
1242 2691 1295 2731 12
1329 2684 1395 2731 δι’
1431 2686 1540 2731 ἴσων
1570 2687 1640 2731 Re
1662 2686 1803 2730 Anim

186 2742 234 2795 ἐξ
266 2741 368 2786 ἴσου
400 2741 545 2786 Cobet
573 2743 742 2788 Mnem.
773 2743 816 2787 V
849 2748 932 2788 108
964 2743 1094 2800 (Con.
1128 2747 1231 2803 104)
1367 2750 1420 2790 13
1451 2752 1607 2804 παρῆν
1638 2745 1803 2802 scripsi

127 2814 234 2845 cum
255 2801 324 2844 Re
349 2802 396 2845 ess
419 2799 591 2846 Cobeto
614 2802 645 2847 l.
668 2802 700 2848 l.
767 2818 854 2858 περ
878 2797 937 2859 ἦν
960 2803 1068 2847 libri
1102 2805 1193 2848 edd
1313 2809 1368 2848 14
1390 2812 1628 2861 τοπρῶτον
1650 2805 1802 2849 ΡΜΒ

143 2886 146 2887 ⁷
188 2865 243 2903 15
267 2877 296 2905 ν
326 2860 376 2904 in
408 2859 596 2906 εὔνοιαν
626 2861 676 2904 in
698 2874 774 2905 ras
798 2862 863 2906 P⁴
929 2862 1180 2919 εὔροιανᾼ
1300 2868 1354 2907 16
1386 2865 1540 2908 αὐτῶν
1563 2878 1619 2908 ex
1648 2865 1802 2908 αὐτῶν

62 2973 67 2976 ³
125 2931 230 2963 corr
257 2918 317 2963 1²
399 2919 552 2964 αὐτῶν
590 2920 806 2966 UBMGa
927 2926 981 2964 17
1013 2919 1096 2979 ὅση
1126 2920 1263 2980 παρ’]
1295 2937 1407 2966 num
1439 2922 1639 2980 fforptsp?
