2090 3162
742 783 1300 846 ANTIOXIKOZ.

304 932 346 981 1.
363 929 710 999 Ἀμφοτέροις
735 932 802 983 ἄν
826 951 906 994 τις
931 932 1147 994 εἰκότως
1171 930 1551 1000 ἐπιτιμήσειεν,
1576 930 1698 999 ἐμοί
1718 952 1774 985 τε
1797 946 1838 989 R
1858 951 1941 988 275

187 1024 261 1089 τῷ
297 1021 453 1082 ζῶντι
485 1018 610 1086 περὶ
642 1021 771 1081 τοὺς
803 1021 1000 1087 λόγους
1031 1021 1120 1072 καὶ
1159 1029 1272 1082 τοῖς
1303 1020 1670 1089 ἀκροωμένοις
1700 1021 1853 1089 ὑμῖν·

188 1107 321 1174 ὑμῖν
374 1106 490 1175 μέν,
546 1109 593 1160 εἰ
647 1109 744 1176 τὴν
799 1107 1063 1177 ἡμετέραν
1118 1109 1355 1177 δύναμιν
1404 1108 1464 1161 ἐν
1509 1117 1626 1171 ταῖς
1671 1110 1857 1172 ἄλλαις

187 1194 524 1249 ὑποθέσεσιν
563 1197 635 1258 ὡς
680 1196 874 1263 ἥδιστα
921 1196 1153 1264 ὁρῶντες
1190 1198 1279 1249 καὶ
1318 1196 1757 1266 παρακαλοῦντές
1795 1217 1854 1265 γε
1902 1218 1921 1250 5

187 1282 267 1336 ἐπ’
322 1283 470 1347 ἐνίας
524 1285 704 1337 αὐτῶν
749 1285 810 1336 ἓν
861 1292 1023 1337 τοῦτο
1079 1284 1179 1337 οὐκ
1234 1282 1539 1353 ἐπετάξατε,
1592 1293 1857 1354 κοσμῆσαι

190 1374 331 1444 λόγῳ
365 1374 464 1441 τὴν
496 1374 675 1439 πόλιν,
708 1371 824 1441 ἐμοὶ
859 1371 936 1439 δέ,
973 1374 1019 1425 εἰ
1051 1377 1275 1426 πλεῖστα
1307 1374 1373 1441 δὴ
1405 1383 1515 1426 τῶν
1546 1380 1652 1426 νῦν
1683 1375 1858 1426 ὄντων

189 1461 584 1530 συγγράμματα
621 1462 929 1529 πεποιηκὼς
967 1462 1056 1514 καὶ
1094 1463 1222 1524 τοὺς
1260 1459 1358 1528 μὲν
1396 1460 1706 1529 ἐπαινέσας,
1744 1470 1859 1523 τοῖς

187 1547 249 1602 δὲ
297 1550 735 1617 συμβουλεύσας,
783 1549 884 1602 οὐκ
924 1548 1081 1617 ὀλίγα
1121 1550 1181 1602 δὲ
1219 1549 1590 1618 ἠγωνισμένος
1629 1549 1688 1602 ἐν
1726 1549 1857 1602 πλά-

188 1652 388 1706 σμασιν
442 1642 518 1700 εἴς
572 1657 633 1706 γε
686 1638 783 1690 τὸν
836 1645 929 1706 τῆς
982 1636 1309 1706 ἐνεγκούσης
1363 1639 1590 1691 ἔπαινον
1637 1638 1855 1706 ἄφωνος
1880 1658 1921 1690 ιο

186 1725 402 1794 γέγονα.
477 1726 525 1778 2.
564 1729 774 1795 μᾶλλον
814 1722 874 1778 δὲ
912 1725 1044 1792 ὑμῖν
1080 1723 1181 1795 μὲν
1220 1725 1320 1778 οὐκ
1360 1728 1511 1779 ἔστιν
1550 1725 1856 1795 ἐπιτιμῆσαι

307 1885 344 1931 Ο
430 1906 485 1922 =
511 1885 656 1929 codex
687 1883 931 1928 Chisianus

305 1945 350 1988 A
427 1966 480 1981 =
504 1944 795 1987 Monacensis
826 1958 892 2001 gr.
925 1947 1011 1987 483
1043 1943 1375 2000 (August-anus)

304 2004 350 2047 P
430 2024 484 2039 =
508 2002 750 2046 Palatinus
783 2018 849 2060 gr.
884 2007 967 2046 282

315 2063 359 2106 U
430 2083 484 2099 =
511 2061 710 2105 Urbinas
741 2076 806 2119 gr.
843 2066 924 2105 126

304 2121 338 2163 I
433 2143 487 2158 =
513 2120 777 2164 Marcianus
810 2119 1007 2176 append.
1040 2118 1137 2163 XCI
1171 2124 1196 2162 2

307 2181 391 2224 Mo
432 2202 487 2217 =
512 2179 800 2224 Monacensis
825 2194 890 2236 gr.
912 2183 994 2222 113
1011 2178 1088 2222 fol.
1110 2182 1339 2222 190—196
1357 2180 1410 2234 —{-
1431 2182 1511 2221 101
1531 2177 1608 2221 fol.
1626 2181 1855 2221 262—269

510 2241 566 2295 -ι-
602 2243 685 2283 113
717 2238 795 2283 fol.
824 2241 1053 2282 196—210

306 2297 368 2340 M
428 2319 482 2334 =
508 2297 771 2342 Marcianus
862 2332 870 2340 .
900 2301 984 2341 437

305 2357 351 2399 B
428 2378 481 2392 ==
504 2356 784 2401 Barberinus
886 2361 941 2399 41

309 2414 374 2459 Ga
427 2436 483 2452 =
513 2414 837 2460 casanatensis

308 2568 330 2606 1
371 2562 652 2622 ἀντιοχικός·
701 2562 804 2618 ἤτοι
843 2561 1066 2620 ἐγκώμιον
1105 2560 1170 2611 εἰς
1207 2557 1470 2617 ἀντιόχειαν
1511 2559 1555 2604 U
1629 2558 1851 2615 ἐγκώμιον

187 2622 253 2672 εἰς
292 2619 557 2681 ἀντιόχειαν
590 2622 717 2667 ΜΟα
798 2621 1021 2678 ἐγκώμιον
1051 2619 1117 2670 εἰς
1154 2618 1416 2694 ἀντιόγειαν
1445 2617 1528 2674 τὴν
1560 2616 1725 2662 ἑαυτοῦ
1763 2632 1854 2660 πα-

186 2679 322 2737 τρίδα
353 2681 400 2724 Β
535 2685 561 2725 3
591 2682 700 2732 τοὺς
729 2693 805 2724 om
846 2681 890 2725 U
921 2692 1022 2723 eras
1052 2680 1087 2723 Ι
1213 2683 1239 2722 ὅ
1271 2694 1332 2727 ως
1362 2690 1436 2721 om
1470 2676 1535 2722 Ga
1605 2676 1666 2726 ὡς
1694 2673 1853 2731 ἥκιστα

187 2739 302 2794 Mor,
346 2738 402 2783 ἴσ.
444 2739 528 2799 οὐχ
571 2737 644 2796 ἢκ.
676 2739 726 2783 in
766 2752 899 2794 marg
1047 2742 1072 2782 6
1105 2735 1359 2790 ἐπατάξατε
1401 2735 1482 2779 sed
1511 2734 1711 2791 primum
1741 2750 1772 2777 α
1802 2735 1855 2777 ut

186 2798 505 2855 corrigerem,
537 2797 734 2843 oblitum
761 2798 799 2844 G
919 2801 948 2841 8
976 2812 1073 2847 τοις
1095 2809 1196 2840 corr
1218 2795 1287 2839 m⁸
1308 2794 1358 2838 in
1380 2801 1491 2848 τοῖς,
1521 2793 1590 2837 m‘
1611 2793 1660 2837 in
1684 2793 1791 2842 τοὺς
1811 2793 1858 2836 Ρ

243 2864 342 2908 τοῖς
373 2857 418 2901 U
446 2858 451 2915 1
485 2863 583 2908 τοῖς
605 2870 706 2901 corr
729 2869 754 2900 e
776 2872 874 2907 τοις
897 2854 968 2899 P⁸
1086 2859 1112 2899 9
1141 2850 1188 2899 δ’
1214 2854 1283 2898 Re
1403 2857 1458 2896 10
1481 2851 1752 2910 ἐνεγκούσης
1773 2856 1854 2908 γῆς

185 2915 301 2972 Mor,
332 2932 387 2974 γρ
420 2921 500 2972 σῆς
532 2915 725 2961 ἔπαινον
756 2915 805 2958 in
834 2927 967 2972 marg
1014 2914 1021 2972 Ι
1071 2913 1263 2959 ἔπαινον
1297 2910 1360 2957 G’
1388 2911 1438 2955 in
1467 2923 1602 2968 marg
