<?xml version="1.0" encoding="UTF-8"?>
<!DOCTYPE html PUBLIC "-//W3C//DTD XHTML 1.0 Transitional//EN"
    "http://www.w3.org/TR/xhtml1/DTD/xhtml1-transitional.dtd">
<html xmlns="http://www.w3.org/1999/xhtml" xml:lang="en" lang="en">
 <head>
  <title>
</title>
<meta http-equiv="Content-Type" content="text/html;charset=utf-8" />
  <meta name='ocr-system' content='tesseract 3.04.00' />
  <meta name='ocr-capabilities' content='ocr_page ocr_carea ocr_par ocr_line ocrx_word'/>
</head>
<body>
  <div class='ocr_page' id='page_1' title='image "./pt2operarecensu01libauoft_0143.png"; bbox 0 0 2090 3162; ppageno 0'>
   <div class='ocr_carea' id='block_1_1' title="bbox 0 2220 54 3162">
    <p class='ocr_par' dir='ltr' id='par_1_1' title="bbox 0 2220 54 3162">
     <span class='ocr_line' id='line_1_1' title="bbox 0 2220 54 3162; baseline 0 0"><span class='ocrx_word' id='word_1_1' title='bbox 0 2220 54 3162; x_wconf 95' lang='lat' dir='ltr'><strong><em> </em></strong></span> 
     </span>
    </p>
   </div>
   <div class='ocr_carea' id='block_1_2' title="bbox 748 101 1870 160">
    <p class='ocr_par' dir='ltr' id='par_1_2' title="bbox 748 101 1870 160">
     <span class='ocr_line' id='line_1_2' title="bbox 748 101 1870 160; baseline 0.014 -16"><span class='ocrx_word' id='word_1_2' title='bbox 748 101 974 145; x_wconf 86' lang='lat' dir='ltr'>LIBANII</span> <span class='ocrx_word' id='word_1_3' title='bbox 1006 102 1228 147; x_wconf 85' lang='lat' dir='ltr'>ORATIO</span> <span class='ocrx_word' id='word_1_4' title='bbox 1261 104 1322 147; x_wconf 86' lang='lat' dir='ltr'><strong><em>XI</em></strong></span> <span class='ocrx_word' id='word_1_5' title='bbox 1766 108 1870 160; x_wconf 77' lang='grc'><strong><em>457</em></strong></span> 
     </span>
    </p>
   </div>
   <div class='ocr_carea' id='block_1_3' title="bbox 181 236 1960 1996">
    <p class='ocr_par' dir='ltr' id='par_1_3' title="bbox 181 236 1960 1996">
     <span class='ocr_line' id='line_1_3' title="bbox 188 236 1872 310; baseline 0.004 -23"><span class='ocrx_word' id='word_1_6' title='bbox 188 236 290 304; x_wconf 85' lang='grc' dir='ltr'><strong><em>τὴν</em></strong></span> <span class='ocrx_word' id='word_1_7' title='bbox 349 236 556 304; x_wconf 86' lang='grc' dir='ltr'><strong><em>σκηνὴν</em></strong></span> <span class='ocrx_word' id='word_1_8' title='bbox 615 237 817 300; x_wconf 82' lang='grc' dir='ltr'><strong><em>αὐτοὺς</em></strong></span> <span class='ocrx_word' id='word_1_9' title='bbox 876 238 1334 307; x_wconf 79' lang='grc' dir='ltr'><strong><em>παραπέμποντος</em></strong></span> <span class='ocrx_word' id='word_1_10' title='bbox 1387 238 1476 293; x_wconf 85' lang='grc' dir='ltr'><strong><em>καὶ</em></strong></span> <span class='ocrx_word' id='word_1_11' title='bbox 1530 244 1872 310; x_wconf 78' lang='grc' dir='ltr'><strong><em>παρασκευά-</em></strong></span> 
     </span>
     <span class='ocr_line' id='line_1_4' title="bbox 190 324 1872 398; baseline 0.005 -23"><span class='ocrx_word' id='word_1_12' title='bbox 190 326 377 388; x_wconf 83' lang='grc' dir='ltr'><strong><em>ζοντός</em></strong></span> <span class='ocrx_word' id='word_1_13' title='bbox 416 344 477 391; x_wconf 78' lang='grc' dir='ltr'><strong><em>γε</em></strong></span> <span class='ocrx_word' id='word_1_14' title='bbox 525 324 821 394; x_wconf 74' lang='grc' dir='ltr'><strong><em>ἀμφότερα,</em></strong></span> <span class='ocrx_word' id='word_1_15' title='bbox 860 328 990 388; x_wconf 89' lang='grc' dir='ltr'><strong><em>τοὺς</em></strong></span> <span class='ocrx_word' id='word_1_16' title='bbox 1029 327 1147 395; x_wconf 76' lang='grc' dir='ltr'><strong><em>μέν,</em></strong></span> <span class='ocrx_word' id='word_1_17' title='bbox 1193 328 1338 391; x_wconf 83' lang='grc' dir='ltr'><strong><em>ὅπως</em></strong></span> <span class='ocrx_word' id='word_1_18' title='bbox 1376 332 1735 398; x_wconf 80' lang='grc' dir='ltr'><strong><em>θαρρήσαιεν,</em></strong></span> <span class='ocrx_word' id='word_1_19' title='bbox 1775 332 1872 383; x_wconf 91' lang='grc' dir='ltr'><strong><em>τὸν</em></strong></span> 
     </span>
     <span class='ocr_line' id='line_1_5' title="bbox 189 410 1960 487; baseline 0.007 -24"><span class='ocrx_word' id='word_1_20' title='bbox 189 410 238 464; x_wconf 88' lang='grc' dir='ltr'><strong><em>δ’</em></strong></span> <span class='ocrx_word' id='word_1_21' title='bbox 287 412 434 474; x_wconf 83' lang='grc' dir='ltr'><strong><em>ὅπως</em></strong></span> <span class='ocrx_word' id='word_1_22' title='bbox 469 413 474 482; x_wconf 89' lang='grc' dir='ltr'>Ι</span> <span class='ocrx_word' id='word_1_23' title='bbox 509 414 581 481; x_wconf 81' lang='grc' dir='ltr'><strong><em>μὴ</em></strong></span> <span class='ocrx_word' id='word_1_24' title='bbox 621 417 974 483; x_wconf 79' lang='grc' dir='ltr'><strong><em>τραχυνθείη,</em></strong></span> <span class='ocrx_word' id='word_1_25' title='bbox 1015 416 1105 467; x_wconf 80' lang='grc' dir='ltr'><strong><em>καὶ</em></strong></span> <span class='ocrx_word' id='word_1_26' title='bbox 1144 425 1255 469; x_wconf 84' lang='grc' dir='ltr'><strong><em>τῶν</em></strong></span> <span class='ocrx_word' id='word_1_27' title='bbox 1294 417 1395 483; x_wconf 82' lang='grc' dir='ltr'><strong><em>μὲν</em></strong></span> <span class='ocrx_word' id='word_1_28' title='bbox 1433 416 1783 487; x_wconf 81' lang='grc' dir='ltr'><strong><em>ἐξαιροῦντος</em></strong></span> <span class='ocrx_word' id='word_1_29' title='bbox 1812 432 1960 475; x_wconf 83' lang='lat' dir='ltr'>R293</span> 
     </span>
     <span class='ocr_line' id='line_1_6' title="bbox 188 502 1872 574; baseline 0.005 -22"><span class='ocrx_word' id='word_1_30' title='bbox 188 502 284 553; x_wconf 90' lang='grc' dir='ltr'><strong><em>τὸν</em></strong></span> <span class='ocrx_word' id='word_1_31' title='bbox 323 503 521 570; x_wconf 71' lang='grc' dir='ltr'><strong><em>φόβον,</em></strong></span> <span class='ocrx_word' id='word_1_32' title='bbox 571 510 670 554; x_wconf 90' lang='grc' dir='ltr'><strong><em>τοῦ</em></strong></span> <span class='ocrx_word' id='word_1_33' title='bbox 723 503 783 555; x_wconf 81' lang='grc' dir='ltr'><strong><em>δὲ</em></strong></span> <span class='ocrx_word' id='word_1_34' title='bbox 822 507 1160 570; x_wconf 83' lang='grc' dir='ltr'><strong><em>κοιμίζοντος</em></strong></span> <span class='ocrx_word' id='word_1_35' title='bbox 1199 506 1299 558; x_wconf 91' lang='grc' dir='ltr'><strong><em>τὸν</em></strong></span> <span class='ocrx_word' id='word_1_36' title='bbox 1358 508 1570 574; x_wconf 83' lang='grc' dir='ltr'><strong><em>θυμόν;</em></strong></span> <span class='ocrx_word' id='word_1_37' title='bbox 1648 507 1731 558; x_wconf 80' lang='grc'><strong><em>64.</em></strong></span> <span class='ocrx_word' id='word_1_38' title='bbox 1782 507 1872 561; x_wconf 87' lang='grc' dir='ltr'><strong><em>καὶ</em></strong></span> 
     </span>
     <span class='ocr_line' id='line_1_7' title="bbox 187 591 1938 664; baseline 0.005 -23"><span class='ocrx_word' id='word_1_39' title='bbox 187 592 243 641; x_wconf 92' lang='grc' dir='ltr'><strong><em>τί</em></strong></span> <span class='ocrx_word' id='word_1_40' title='bbox 301 591 385 642; x_wconf 93' lang='grc' dir='ltr'><strong><em>δεῖ</em></strong></span> <span class='ocrx_word' id='word_1_41' title='bbox 447 592 873 659; x_wconf 81' lang='grc' dir='ltr'><strong><em>τεκμαιρόμενον</em></strong></span> <span class='ocrx_word' id='word_1_42' title='bbox 934 591 1116 660; x_wconf 80' lang='grc' dir='ltr'><strong><em>λέγειν</em></strong></span> <span class='ocrx_word' id='word_1_43' title='bbox 1166 592 1374 662; x_wconf 82' lang='grc' dir='ltr'><strong><em>ἀφέντα</em></strong></span> <span class='ocrx_word' id='word_1_44' title='bbox 1425 591 1592 662; x_wconf 78' lang='grc' dir='ltr'><strong><em>ἔργον</em></strong></span> <span class='ocrx_word' id='word_1_45' title='bbox 1641 614 1871 664; x_wconf 87' lang='grc' dir='ltr'><strong><em>περιφα-</em></strong></span> <span class='ocrx_word' id='word_1_46' title='bbox 1919 619 1938 649; x_wconf 86' lang='lat'><strong>5</strong></span> 
     </span>
     <span class='ocr_line' id='line_1_8' title="bbox 191 677 1872 753; baseline 0.004 -23"><span class='ocrx_word' id='word_1_47' title='bbox 191 677 298 742; x_wconf 86' lang='grc' dir='ltr'><strong><em>νές;</em></strong></span> <span class='ocrx_word' id='word_1_48' title='bbox 367 680 514 747; x_wconf 82' lang='grc' dir='ltr'><strong><em>παρὰ</em></strong></span> <span class='ocrx_word' id='word_1_49' title='bbox 563 685 721 741; x_wconf 90' lang='grc' dir='ltr'><strong><em>θεοῖς</em></strong></span> <span class='ocrx_word' id='word_1_50' title='bbox 767 680 990 733; x_wconf 76' lang='grc' dir='ltr'><strong><em>ἄνωθεν</em></strong></span> <span class='ocrx_word' id='word_1_51' title='bbox 1028 679 1286 749; x_wconf 80' lang='grc' dir='ltr'><strong><em>ἐράσμιος</em></strong></span> <span class='ocrx_word' id='word_1_52' title='bbox 1325 681 1352 734; x_wconf 99' lang='lat'><em>6</em></span> <span class='ocrx_word' id='word_1_53' title='bbox 1392 691 1578 751; x_wconf 80' lang='grc' dir='ltr'><strong><em>χῶρος.</em></strong></span> <span class='ocrx_word' id='word_1_54' title='bbox 1656 684 1723 736; x_wconf 90' lang='grc' dir='ltr'><strong><em>ὃν</em></strong></span> <span class='ocrx_word' id='word_1_55' title='bbox 1769 686 1872 753; x_wconf 75' lang='grc' dir='ltr'><strong><em>γὰρ</em></strong></span> 
     </span>
     <span class='ocr_line' id='line_1_9' title="bbox 185 765 1940 840; baseline 0.003 -22"><span class='ocrx_word' id='word_1_56' title='bbox 185 765 446 834; x_wconf 80' lang='grc' dir='ltr'><strong><em>μέγιστον</em></strong></span> <span class='ocrx_word' id='word_1_57' title='bbox 503 768 702 835; x_wconf 77' lang='grc' dir='ltr'><strong><em>ἄγουσι</em></strong></span> <span class='ocrx_word' id='word_1_58' title='bbox 760 770 899 821; x_wconf 87' lang='grc' dir='ltr'><strong><em>θεὸν</em></strong></span> <span class='ocrx_word' id='word_1_59' title='bbox 951 768 1163 838; x_wconf 81' lang='grc' dir='ltr'><strong><em>Πέρσαι</em></strong></span> <span class='ocrx_word' id='word_1_60' title='bbox 1219 772 1318 823; x_wconf 91' lang='grc' dir='ltr'><strong><em>τὸν</em></strong></span> <span class='ocrx_word' id='word_1_61' title='bbox 1357 768 1574 838; x_wconf 64' lang='grc' dir='ltr'><strong><em>”Ήλιον,</em></strong></span> <span class='ocrx_word' id='word_1_62' title='bbox 1631 771 1719 824; x_wconf 85' lang='grc' dir='ltr'><strong><em>καὶ</em></strong></span> <span class='ocrx_word' id='word_1_63' title='bbox 1779 773 1873 835; x_wconf 84' lang='grc' dir='ltr'><strong><em>τὰς</em></strong></span> <span class='ocrx_word' id='word_1_64' title='bbox 1902 774 1940 840; x_wconf 82' lang='lat'>†</span> 
     </span>
     <span class='ocr_line' id='line_1_10' title="bbox 187 854 1872 929; baseline 0.003 -22"><span class='ocrx_word' id='word_1_65' title='bbox 187 858 514 923; x_wconf 81' lang='grc' dir='ltr'><strong><em>σατραπείας</em></strong></span> <span class='ocrx_word' id='word_1_66' title='bbox 566 855 659 908; x_wconf 89' lang='grc' dir='ltr'><strong><em>ὑπ’</em></strong></span> <span class='ocrx_word' id='word_1_67' title='bbox 721 857 868 928; x_wconf 82' lang='grc' dir='ltr'><strong><em>αὐτῷ</em></strong></span> <span class='ocrx_word' id='word_1_68' title='bbox 919 859 1154 925; x_wconf 84' lang='grc' dir='ltr'><strong><em>Περσίδι</em></strong></span> <span class='ocrx_word' id='word_1_69' title='bbox 1210 867 1393 928; x_wconf 77' lang='grc' dir='ltr'><strong><em>φωνῇ,</em></strong></span> <span class='ocrx_word' id='word_1_70' title='bbox 1449 854 1632 926; x_wconf 71' lang='grc' dir='ltr'><strong><em>οὗτος,</em></strong></span> <span class='ocrx_word' id='word_1_71' title='bbox 1687 858 1872 929; x_wconf 82' lang='grc' dir='ltr'><strong><em>ἐπειδὴ</em></strong></span> 
     </span>
     <span class='ocr_line' id='line_1_11' title="bbox 185 943 1873 1019; baseline 0.003 -23"><span class='ocrx_word' id='word_1_72' title='bbox 185 945 284 997; x_wconf 88' lang='grc' dir='ltr'><strong><em>τὸν</em></strong></span> <span class='ocrx_word' id='word_1_73' title='bbox 336 945 644 1013; x_wconf 84' lang='grc' dir='ltr'><strong><em>Καμβύσην</em></strong></span> <span class='ocrx_word' id='word_1_74' title='bbox 706 944 879 1007; x_wconf 84' lang='grc' dir='ltr'><strong><em>ὕπνος</em></strong></span> <span class='ocrx_word' id='word_1_75' title='bbox 940 943 1158 1013; x_wconf 80' lang='grc' dir='ltr'><strong><em>ἔλαβεν,</em></strong></span> <span class='ocrx_word' id='word_1_76' title='bbox 1222 944 1310 999; x_wconf 83' lang='grc' dir='ltr'><strong><em>ἐπὶ</em></strong></span> <span class='ocrx_word' id='word_1_77' title='bbox 1364 953 1439 1019; x_wconf 80' lang='grc' dir='ltr'><strong><em>τῷ</em></strong></span> <span class='ocrx_word' id='word_1_78' title='bbox 1486 949 1683 1019; x_wconf 78' lang='grc' dir='ltr'><strong><em>πρώτῳ</em></strong></span> <span class='ocrx_word' id='word_1_79' title='bbox 1745 949 1873 1010; x_wconf 80' lang='grc' dir='ltr'><strong><em>στὰς</em></strong></span> 
     </span>
     <span class='ocr_line' id='line_1_12' title="bbox 186 1029 1938 1107; baseline 0.003 -23"><span class='ocrx_word' id='word_1_80' title='bbox 186 1029 324 1101; x_wconf 75' lang='grc' dir='ltr'><strong><em>ὑπὲρ</em></strong></span> <span class='ocrx_word' id='word_1_81' title='bbox 380 1037 622 1102; x_wconf 80' lang='grc' dir='ltr'><strong><em>κεφαλῆς</em></strong></span> <span class='ocrx_word' id='word_1_82' title='bbox 669 1032 730 1085; x_wconf 85' lang='grc' dir='ltr'><strong><em>ἐν</em></strong></span> <span class='ocrx_word' id='word_1_83' title='bbox 776 1034 1057 1101; x_wconf 87' lang='grc' dir='ltr'><strong><em>ὀνείρασιν</em></strong></span> <span class='ocrx_word' id='word_1_84' title='bbox 1111 1035 1257 1107; x_wconf 82' lang='grc' dir='ltr'><strong><em>αὐτῷ</em></strong></span> <span class='ocrx_word' id='word_1_85' title='bbox 1308 1034 1579 1103; x_wconf 80' lang='grc' dir='ltr'><strong><em>διελέγετο</em></strong></span> <span class='ocrx_word' id='word_1_86' title='bbox 1634 1038 1871 1089; x_wconf 78' lang='grc' dir='ltr'><strong><em>κελεύων</em></strong></span> <span class='ocrx_word' id='word_1_87' title='bbox 1896 1059 1938 1090; x_wconf 86' lang='lat'><strong><em>10</em></strong></span> 
     </span>
     <span class='ocr_line' id='line_1_13' title="bbox 185 1119 1872 1193; baseline 0.002 -20"><span class='ocrx_word' id='word_1_88' title='bbox 185 1120 358 1174; x_wconf 85' lang='grc' dir='ltr'><strong><em>αὐτὸν</em></strong></span> <span class='ocrx_word' id='word_1_89' title='bbox 420 1122 592 1174; x_wconf 87' lang='grc' dir='ltr'><strong><em>αὐτοῦ</em></strong></span> <span class='ocrx_word' id='word_1_90' title='bbox 653 1126 971 1175; x_wconf 81' lang='grc' dir='ltr'><strong><em>καταλιπεῖν</em></strong></span> <span class='ocrx_word' id='word_1_91' title='bbox 1030 1119 1166 1191; x_wconf 75' lang='grc' dir='ltr'><strong><em>μηδὲ</em></strong></span> <span class='ocrx_word' id='word_1_92' title='bbox 1229 1125 1306 1185; x_wconf 86' lang='grc' dir='ltr'><strong><em>εἰς</em></strong></span> <span class='ocrx_word' id='word_1_93' title='bbox 1367 1128 1656 1190; x_wconf 77' lang='grc' dir='ltr'><strong><em>Αἴγυπτον</em></strong></span> <span class='ocrx_word' id='word_1_94' title='bbox 1716 1126 1872 1193; x_wconf 74' lang='grc' dir='ltr'><strong><em>ἄγειν</em></strong></span> 
     </span>
     <span class='ocr_line' id='line_1_14' title="bbox 184 1209 1871 1279; baseline 0.002 -17"><span class='ocrx_word' id='word_1_95' title='bbox 184 1210 273 1262; x_wconf 83' lang='grc' dir='ltr'><strong><em>καὶ</em></strong></span> <span class='ocrx_word' id='word_1_96' title='bbox 324 1209 557 1278; x_wconf 86' lang='grc' dir='ltr'><strong><em>προεῖπέ</em></strong></span> <span class='ocrx_word' id='word_1_97' title='bbox 604 1230 690 1279; x_wconf 74' lang='grc' dir='ltr'><strong><em>γε,</em></strong></span> <span class='ocrx_word' id='word_1_98' title='bbox 741 1211 814 1273; x_wconf 83' lang='grc' dir='ltr'><strong><em>ὡς</em></strong></span> <span class='ocrx_word' id='word_1_99' title='bbox 863 1213 1027 1263; x_wconf 91' lang='grc' dir='ltr'><strong><em>πόλιν</em></strong></span> <span class='ocrx_word' id='word_1_100' title='bbox 1065 1211 1094 1264; x_wconf 92' lang='grc' dir='ltr'>ὁ</span> <span class='ocrx_word' id='word_1_101' title='bbox 1134 1212 1298 1273; x_wconf 90' lang='grc' dir='ltr'><strong><em>τόπος</em></strong></span> <span class='ocrx_word' id='word_1_102' title='bbox 1346 1210 1577 1279; x_wconf 77' lang='grc' dir='ltr'><strong><em>δέξεται,</em></strong></span> <span class='ocrx_word' id='word_1_103' title='bbox 1617 1215 1871 1267; x_wconf 88' lang='grc' dir='ltr'><strong><em>Μακεδό-</em></strong></span> 
     </span>
     <span class='ocr_line' id='line_1_15' title="bbox 185 1296 1870 1372; baseline 0.002 -22"><span class='ocrx_word' id='word_1_104' title='bbox 185 1318 299 1350; x_wconf 91' lang='grc' dir='ltr'><strong><em>νων</em></strong></span> <span class='ocrx_word' id='word_1_105' title='bbox 337 1300 557 1367; x_wconf 88' lang='grc' dir='ltr'><strong><em>ποίημα.</em></strong></span> <span class='ocrx_word' id='word_1_106' title='bbox 634 1298 718 1352; x_wconf 79' lang='grc'><strong><em>65.</em></strong></span> <span class='ocrx_word' id='word_1_107' title='bbox 767 1299 1070 1367; x_wconf 84' lang='grc' dir='ltr'><strong><em>Καμβύσης</em></strong></span> <span class='ocrx_word' id='word_1_108' title='bbox 1108 1296 1169 1351; x_wconf 74' lang='grc' dir='ltr'><strong><em>δὲ</em></strong></span> <span class='ocrx_word' id='word_1_109' title='bbox 1208 1301 1476 1368; x_wconf 82' lang='grc' dir='ltr'><strong><em>χαρίζεται</em></strong></span> <span class='ocrx_word' id='word_1_110' title='bbox 1514 1307 1588 1372; x_wconf 81' lang='grc' dir='ltr'><strong><em>τῷ</em></strong></span> <span class='ocrx_word' id='word_1_111' title='bbox 1625 1307 1740 1372; x_wconf 78' lang='grc' dir='ltr'><strong><em>θεῷ</em></strong></span> <span class='ocrx_word' id='word_1_112' title='bbox 1781 1302 1870 1354; x_wconf 84' lang='grc' dir='ltr'><strong><em>καὶ</em></strong></span> 
     </span>
     <span class='ocr_line' id='line_1_16' title="bbox 183 1385 1870 1456; baseline 0.002 -17"><span class='ocrx_word' id='word_1_113' title='bbox 183 1388 420 1455; x_wconf 82' lang='grc' dir='ltr'><strong><em>πλησίον</em></strong></span> <span class='ocrx_word' id='word_1_114' title='bbox 480 1405 590 1439; x_wconf 90' lang='grc' dir='ltr'><strong><em>που</em></strong></span> <span class='ocrx_word' id='word_1_115' title='bbox 645 1395 739 1456; x_wconf 82' lang='grc' dir='ltr'><strong><em>τῆς</em></strong></span> <span class='ocrx_word' id='word_1_116' title='bbox 786 1385 1089 1456; x_wconf 83' lang='grc' dir='ltr'><strong><em>Ἀρτέμιδος</em></strong></span> <span class='ocrx_word' id='word_1_117' title='bbox 1142 1388 1241 1440; x_wconf 91' lang='grc' dir='ltr'><strong><em>τὸν</em></strong></span> <span class='ocrx_word' id='word_1_118' title='bbox 1294 1388 1539 1456; x_wconf 81' lang='grc' dir='ltr'><strong><em>ἀδελφὸν</em></strong></span> <span class='ocrx_word' id='word_1_119' title='bbox 1595 1390 1870 1456; x_wconf 77' lang='grc' dir='ltr'><strong><em>ἱδρύσατο.</em></strong></span> 
     </span>
     <span class='ocr_line' id='line_1_17' title="bbox 184 1474 1933 1544; baseline 0.002 -17"><span class='ocrx_word' id='word_1_120' title='bbox 184 1474 273 1528; x_wconf 89' lang='grc' dir='ltr'><strong><em>καὶ</em></strong></span> <span class='ocrx_word' id='word_1_121' title='bbox 326 1475 499 1538; x_wconf 78' lang='grc' dir='ltr'><strong><em>οὕτως</em></strong></span> <span class='ocrx_word' id='word_1_122' title='bbox 550 1475 768 1539; x_wconf 81' lang='grc' dir='ltr'><strong><em>ἐδέξατο</em></strong></span> <span class='ocrx_word' id='word_1_123' title='bbox 808 1477 906 1528; x_wconf 88' lang='grc' dir='ltr'><strong><em>τὸν</em></strong></span> <span class='ocrx_word' id='word_1_124' title='bbox 947 1479 1182 1544; x_wconf 83' lang='grc' dir='ltr'><strong><em>Περσῶν</em></strong></span> <span class='ocrx_word' id='word_1_125' title='bbox 1227 1478 1367 1529; x_wconf 89' lang='grc' dir='ltr'><strong><em>θεὸν</em></strong></span> <span class='ocrx_word' id='word_1_126' title='bbox 1417 1479 1633 1530; x_wconf 81' lang='grc' dir='ltr'><strong><em>ἔνοικόν</em></strong></span> <span class='ocrx_word' id='word_1_127' title='bbox 1671 1497 1728 1530; x_wconf 91' lang='grc' dir='ltr'><strong><em>τε</em></strong></span> <span class='ocrx_word' id='word_1_128' title='bbox 1778 1478 1865 1530; x_wconf 84' lang='grc' dir='ltr'><strong><em>καὶ</em></strong></span> <span class='ocrx_word' id='word_1_129' title='bbox 1891 1498 1933 1531; x_wconf 81' lang='lat'><strong><em>15</em></strong></span> 
     </span>
     <span class='ocr_line' id='line_1_18' title="bbox 185 1563 1871 1635; baseline 0.001 -18"><span class='ocrx_word' id='word_1_130' title='bbox 185 1563 421 1633; x_wconf 82' lang='grc' dir='ltr'><strong><em>ἐραστὴν</em></strong></span> <span class='ocrx_word' id='word_1_131' title='bbox 476 1564 504 1617; x_wconf 92' lang='grc' dir='ltr'>ὁ</span> <span class='ocrx_word' id='word_1_132' title='bbox 562 1566 726 1627; x_wconf 89' lang='grc' dir='ltr'><strong><em>τόπος</em></strong></span> <span class='ocrx_word' id='word_1_133' title='bbox 785 1563 876 1617; x_wconf 88' lang='grc' dir='ltr'><strong><em>καὶ</em></strong></span> <span class='ocrx_word' id='word_1_134' title='bbox 937 1565 1136 1633; x_wconf 79' lang='grc' dir='ltr'><strong><em>μάντιν</em></strong></span> <span class='ocrx_word' id='word_1_135' title='bbox 1189 1572 1284 1632; x_wconf 86' lang='grc' dir='ltr'><strong><em>τῆς</em></strong></span> <span class='ocrx_word' id='word_1_136' title='bbox 1345 1566 1650 1634; x_wconf 88' lang='grc' dir='ltr'><strong><em>μελλούσης</em></strong></span> <span class='ocrx_word' id='word_1_137' title='bbox 1706 1567 1871 1635; x_wconf 84' lang='grc' dir='ltr'><strong><em>τύχης</em></strong></span> 
     </span>
     <span class='ocr_line' id='line_1_19' title="bbox 184 1650 1871 1722; baseline 0.001 -17"><span class='ocrx_word' id='word_1_138' title='bbox 184 1650 353 1706; x_wconf 74' lang='grc' dir='ltr'><strong><em>οὐδὲν</em></strong></span> <span class='ocrx_word' id='word_1_139' title='bbox 403 1659 503 1706; x_wconf 85' lang='grc' dir='ltr'><strong><em>τοῦ</em></strong></span> <span class='ocrx_word' id='word_1_140' title='bbox 543 1653 852 1721; x_wconf 86' lang='grc' dir='ltr'><strong><em>Καμβύσου</em></strong></span> <span class='ocrx_word' id='word_1_141' title='bbox 901 1653 1040 1722; x_wconf 91' lang='grc' dir='ltr'><strong><em>πρὸς</em></strong></span> <span class='ocrx_word' id='word_1_142' title='bbox 1090 1654 1189 1722; x_wconf 83' lang='grc' dir='ltr'><strong><em>τὴν</em></strong></span> <span class='ocrx_word' id='word_1_143' title='bbox 1237 1654 1545 1722; x_wconf 88' lang='grc' dir='ltr'><strong><em>πρόρρησιν</em></strong></span> <span class='ocrx_word' id='word_1_144' title='bbox 1593 1655 1871 1716; x_wconf 88' lang='grc' dir='ltr'><strong><em>παθόντος</em></strong></span> 
     </span>
     <span class='ocr_line' id='line_1_20' title="bbox 189 1737 1870 1811; baseline 0 -17"><span class='ocrx_word' id='word_1_145' title='bbox 189 1737 268 1795; x_wconf 83' lang='grc' dir='ltr'><strong><em>ὧν</em></strong></span> <span class='ocrx_word' id='word_1_146' title='bbox 306 1746 510 1794; x_wconf 78' lang='grc' dir='ltr'><strong><em>εἴωθεν</em></strong></span> <span class='ocrx_word' id='word_1_147' title='bbox 548 1740 799 1809; x_wconf 80' lang='grc' dir='ltr'><strong><em>ἐμποιεῖν</em></strong></span> <span class='ocrx_word' id='word_1_148' title='bbox 837 1741 867 1794; x_wconf 88' lang='lat'><em>6</em></span> <span class='ocrx_word' id='word_1_149' title='bbox 907 1743 1137 1810; x_wconf 88' lang='grc' dir='ltr'><strong><em>φθόνος.</em></strong></span> <span class='ocrx_word' id='word_1_150' title='bbox 1214 1742 1297 1794; x_wconf 89' lang='grc'><strong><em>66.</em></strong></span> <span class='ocrx_word' id='word_1_151' title='bbox 1350 1742 1404 1794; x_wconf 84' lang='grc' dir='ltr'><strong><em>οἱ</em></strong></span> <span class='ocrx_word' id='word_1_152' title='bbox 1449 1742 1551 1810; x_wconf 79' lang='grc' dir='ltr'><strong><em>μὲν</em></strong></span> <span class='ocrx_word' id='word_1_153' title='bbox 1598 1737 1702 1795; x_wconf 87' lang='grc' dir='ltr'><strong><em>οὖν</em></strong></span> <span class='ocrx_word' id='word_1_154' title='bbox 1740 1746 1870 1811; x_wconf 87' lang='grc' dir='ltr'><strong><em>λαμ-</em></strong></span> 
     </span>
     <span class='ocr_line' id='line_1_21' title="bbox 181 1827 1869 1900; baseline 0.001 -18"><span class='ocrx_word' id='word_1_155' title='bbox 181 1830 491 1900; x_wconf 88' lang='grc' dir='ltr'><strong><em>πρύνοντες</em></strong></span> <span class='ocrx_word' id='word_1_156' title='bbox 545 1830 640 1892; x_wconf 82' lang='grc' dir='ltr'><strong><em>τάς</em></strong></span> <span class='ocrx_word' id='word_1_157' title='bbox 692 1849 751 1883; x_wconf 87' lang='grc' dir='ltr'><strong><em>τε</em></strong></span> <span class='ocrx_word' id='word_1_158' title='bbox 792 1827 1028 1899; x_wconf 87' lang='grc' dir='ltr'><strong><em>Ἀθήνας</em></strong></span> <span class='ocrx_word' id='word_1_159' title='bbox 1087 1828 1179 1883; x_wconf 83' lang='grc' dir='ltr'><strong><em>καὶ</em></strong></span> <span class='ocrx_word' id='word_1_160' title='bbox 1232 1832 1562 1899; x_wconf 87' lang='grc' dir='ltr'><strong><em>Κορινθίων</em></strong></span> <span class='ocrx_word' id='word_1_161' title='bbox 1613 1830 1674 1882; x_wconf 90' lang='grc' dir='ltr'><strong><em>τὸ</em></strong></span> <span class='ocrx_word' id='word_1_162' title='bbox 1733 1831 1869 1883; x_wconf 81' lang='grc' dir='ltr'><strong><em>ἄστυ</em></strong></span> 
     </span>
     <span class='ocr_line' id='line_1_22' title="bbox 182 1915 1935 1996; baseline 0 -25"><span class='ocrx_word' id='word_1_163' title='bbox 182 1921 488 1987; x_wconf 86' lang='grc' dir='ltr'><strong><em>θεομαχίας</em></strong></span> <span class='ocrx_word' id='word_1_164' title='bbox 540 1915 667 1987; x_wconf 85' lang='grc' dir='ltr'><strong><em>περὶ</em></strong></span> <span class='ocrx_word' id='word_1_165' title='bbox 721 1918 816 1980; x_wconf 82' lang='grc' dir='ltr'><strong><em>τὰς</em></strong></span> <span class='ocrx_word' id='word_1_166' title='bbox 869 1919 1054 1981; x_wconf 87' lang='grc' dir='ltr'><strong><em>πόλεις</em></strong></span> <span class='ocrx_word' id='word_1_167' title='bbox 1109 1919 1341 1996; x_wconf 77' lang='grc' dir='ltr'><strong><em>ἱστᾶσιν,</em></strong></span> <span class='ocrx_word' id='word_1_168' title='bbox 1395 1915 1534 1989; x_wconf 76' lang='grc' dir='ltr'><strong><em>ὑπὲρ</em></strong></span> <span class='ocrx_word' id='word_1_169' title='bbox 1574 1920 1867 1986; x_wconf 82' lang='grc' dir='ltr'><strong><em>Κορίνθου</em></strong></span> <span class='ocrx_word' id='word_1_170' title='bbox 1891 1938 1935 1971; x_wconf 76' lang='lat'><strong><em>20</em></strong></span> 
     </span>
    </p>
   </div>
   <div class='ocr_carea' id='block_1_4' title="bbox 185 2016 539 2023">
    <p class='ocr_par' dir='ltr' id='par_1_4' title="bbox 185 2016 539 2023">
     <span class='ocr_line' id='line_1_23' title="bbox 185 2016 539 2023; baseline 0 0"><span class='ocrx_word' id='word_1_171' title='bbox 185 2016 539 2023; x_wconf 95' lang='lat' dir='ltr'><strong><em> </em></strong></span> 
     </span>
    </p>
   </div>
   <div class='ocr_carea' id='block_1_5' title="bbox 187 2062 1866 2179">
    <p class='ocr_par' dir='ltr' id='par_1_5' title="bbox 187 2062 1866 2179">
     <span class='ocr_line' id='line_1_24' title="bbox 301 2062 1866 2119; baseline -0.001 -12"><span class='ocrx_word' id='word_1_172' title='bbox 301 2068 328 2107; x_wconf 85' lang='lat'><strong>3</strong></span> <span class='ocrx_word' id='word_1_173' title='bbox 353 2063 459 2107; x_wconf 87' lang='lat' dir='ltr'>Eur.</span> <span class='ocrx_word' id='word_1_174' title='bbox 477 2063 648 2107; x_wconf 86' lang='lat' dir='ltr'><strong>Phoen.</strong></span> <span class='ocrx_word' id='word_1_175' title='bbox 668 2067 752 2107; x_wconf 85' lang='lat'><strong><em>991</em></strong></span> <span class='ocrx_word' id='word_1_176' title='bbox 876 2068 902 2106; x_wconf 99' lang='lat'>4</span> <span class='ocrx_word' id='word_1_177' title='bbox 927 2062 1046 2106; x_wconf 78' lang='lat' dir='ltr'>Plat.</span> <span class='ocrx_word' id='word_1_178' title='bbox 1072 2062 1181 2119; x_wconf 83' lang='lat' dir='ltr'><strong>Leg.</strong></span> <span class='ocrx_word' id='word_1_179' title='bbox 1206 2062 1269 2105; x_wconf 88' lang='lat' dir='ltr'><strong><em>IX</em></strong></span> <span class='ocrx_word' id='word_1_180' title='bbox 1292 2078 1335 2119; x_wconf 93' lang='lat' dir='ltr'><strong><em>p.</em></strong></span> <span class='ocrx_word' id='word_1_181' title='bbox 1355 2066 1440 2106; x_wconf 84' lang='grc'><strong><em>873</em></strong></span> <span class='ocrx_word' id='word_1_182' title='bbox 1458 2063 1498 2105; x_wconf 88' lang='grc' dir='ltr'><strong>Α</strong></span> <span class='ocrx_word' id='word_1_183' title='bbox 1621 2066 1644 2105; x_wconf 82' lang='grc'><strong>7</strong></span> <span class='ocrx_word' id='word_1_184' title='bbox 1668 2062 1866 2118; x_wconf 76' lang='lat' dir='ltr'><strong>Hesych.</strong></span> 
     </span>
     <span class='ocr_line' id='line_1_25' title="bbox 187 2120 960 2179; baseline -0.003 -13"><span class='ocrx_word' id='word_1_185' title='bbox 187 2137 221 2167; x_wconf 86' lang='lat' dir='ltr'><strong><em>s.</em></strong></span> <span class='ocrx_word' id='word_1_186' title='bbox 247 2137 286 2166; x_wconf 91' lang='lat' dir='ltr'><strong><em>v.</em></strong></span> <span class='ocrx_word' id='word_1_187' title='bbox 320 2120 531 2179; x_wconf 82' lang='grc' dir='ltr'><strong><em>Μίθρης.</em></strong></span> <span class='ocrx_word' id='word_1_188' title='bbox 565 2121 689 2166; x_wconf 73' lang='lat' dir='ltr'><strong>Ourt.</strong></span> <span class='ocrx_word' id='word_1_189' title='bbox 714 2121 779 2165; x_wconf 91' lang='lat' dir='ltr'><strong><em>IV</em></strong></span> <span class='ocrx_word' id='word_1_190' title='bbox 805 2126 872 2176; x_wconf 89' lang='lat'><strong><em>13,</em></strong></span> <span class='ocrx_word' id='word_1_191' title='bbox 893 2126 960 2164; x_wconf 81' lang='lat'><strong><em>12.</em></strong></span> 
     </span>
    </p>
   </div>
   <div class='ocr_carea' id='block_1_6' title="bbox 186 2207 538 2215">
    <p class='ocr_par' dir='ltr' id='par_1_6' title="bbox 186 2207 538 2215">
     <span class='ocr_line' id='line_1_26' title="bbox 186 2207 538 2215; baseline 0 0"><span class='ocrx_word' id='word_1_192' title='bbox 186 2207 538 2215; x_wconf 95' lang='lat' dir='ltr'><strong><em> </em></strong></span> 
     </span>
    </p>
   </div>
   <div class='ocr_carea' id='block_1_7' title="bbox 182 2251 1871 2959">
    <p class='ocr_par' dir='ltr' id='par_1_7' title="bbox 182 2251 1871 2959">
     <span class='ocr_line' id='line_1_27' title="bbox 304 2251 1870 2313; baseline -0.001 -16"><span class='ocrx_word' id='word_1_193' title='bbox 304 2258 329 2297; x_wconf 87' lang='lat'>2</span> <span class='ocrx_word' id='word_1_194' title='bbox 348 2253 642 2311; x_wconf 80' lang='grc' dir='ltr'><strong><em>ἀμφοτέρους</em></strong></span> <span class='ocrx_word' id='word_1_195' title='bbox 656 2254 724 2298; x_wconf 81' lang='lat' dir='ltr'><strong><em>Re</em></strong></span> <span class='ocrx_word' id='word_1_196' title='bbox 750 2254 760 2313; x_wconf 83' lang='grc'>1</span> <span class='ocrx_word' id='word_1_197' title='bbox 785 2253 1079 2310; x_wconf 80' lang='grc' dir='ltr'><strong><em>θαρρήσαιεν</em></strong></span> <span class='ocrx_word' id='word_1_198' title='bbox 1095 2280 1150 2286; x_wconf 90' lang='grc'><strong>-</strong></span> <span class='ocrx_word' id='word_1_199' title='bbox 1169 2258 1194 2297; x_wconf 91' lang='grc'><strong>3</strong></span> <span class='ocrx_word' id='word_1_200' title='bbox 1214 2251 1338 2304; x_wconf 80' lang='grc' dir='ltr'><strong><em>ὅπως</em></strong></span> <span class='ocrx_word' id='word_1_201' title='bbox 1362 2267 1435 2297; x_wconf 89' lang='lat' dir='ltr'><strong><em>om</em></strong></span> <span class='ocrx_word' id='word_1_202' title='bbox 1452 2253 1554 2297; x_wconf 86' lang='lat' dir='ltr'><strong><em>Mor</em></strong></span> <span class='ocrx_word' id='word_1_203' title='bbox 1654 2257 1678 2296; x_wconf 86' lang='grc'><strong>7</strong></span> <span class='ocrx_word' id='word_1_204' title='bbox 1703 2251 1870 2297; x_wconf 81' lang='grc' dir='ltr'><strong><em>ἄδουσι</em></strong></span> 
     </span>
     <span class='ocr_line' id='line_1_28' title="bbox 182 2298 1866 2370; baseline -0.001 -14"><span class='ocrx_word' id='word_1_205' title='bbox 182 2313 266 2367; x_wconf 82' lang='lat' dir='ltr'><strong><em>Re,</em></strong></span> <span class='ocrx_word' id='word_1_206' title='bbox 298 2313 423 2370; x_wconf 89' lang='lat' dir='ltr'><strong>quod</strong></span> <span class='ocrx_word' id='word_1_207' title='bbox 454 2313 550 2357; x_wconf 84' lang='lat' dir='ltr'><strong><em>iam</em></strong></span> <span class='ocrx_word' id='word_1_208' title='bbox 582 2315 877 2358; x_wconf 79' lang='lat' dir='ltr'>correxerunt</span> <span class='ocrx_word' id='word_1_209' title='bbox 900 2313 1062 2356; x_wconf 79' lang='lat' dir='ltr'><strong>Iacobs</strong></span> <span class='ocrx_word' id='word_1_210' title='bbox 1085 2312 1199 2356; x_wconf 86' lang='lat' dir='ltr'><strong>Ach.</strong></span> <span class='ocrx_word' id='word_1_211' title='bbox 1225 2312 1275 2355; x_wconf 90' lang='lat' dir='ltr'><strong><em>T.</em></strong></span> <span class='ocrx_word' id='word_1_212' title='bbox 1304 2317 1386 2356; x_wconf 79' lang='lat'><strong><em>‘195</em></strong></span> <span class='ocrx_word' id='word_1_213' title='bbox 1419 2314 1467 2355; x_wconf 77' lang='lat' dir='ltr'><strong><em>et</em></strong></span> <span class='ocrx_word' id='word_1_214' title='bbox 1488 2310 1674 2356; x_wconf 83' lang='lat' dir='ltr'>Lobeck</span> <span class='ocrx_word' id='word_1_215' title='bbox 1698 2298 1734 2355; x_wconf 75' lang='lat' dir='ltr'><strong>P</strong></span> <span class='ocrx_word' id='word_1_216' title='bbox 1858 2347 1866 2355; x_wconf 96' lang='lat'>.</span> 
     </span>
     <span class='ocr_line' id='line_1_29' title="bbox 183 2369 1868 2430; baseline -0.002 -13"><span class='ocrx_word' id='word_1_217' title='bbox 183 2387 229 2429; x_wconf 86' lang='lat' dir='ltr'><strong><em>p.</em></strong></span> <span class='ocrx_word' id='word_1_218' title='bbox 255 2376 341 2417; x_wconf 86' lang='lat'><strong><em>419</em></strong></span> <span class='ocrx_word' id='word_1_219' title='bbox 465 2377 488 2416; x_wconf 82' lang='lat'><strong>7</strong></span> <span class='ocrx_word' id='word_1_220' title='bbox 522 2372 568 2417; x_wconf 81' lang='grc' dir='ltr'><strong><em>οὶ</em></strong></span> <span class='ocrx_word' id='word_1_221' title='bbox 597 2371 764 2429; x_wconf 80' lang='grc' dir='ltr'><strong><em>πέρσαι</em></strong></span> <span class='ocrx_word' id='word_1_222' title='bbox 798 2373 863 2418; x_wconf 82' lang='lat' dir='ltr'><strong><em>Ca</em></strong></span> <span class='ocrx_word' id='word_1_223' title='bbox 889 2375 896 2429; x_wconf 89' lang='grc' dir='ltr'>Ι</span> <span class='ocrx_word' id='word_1_224' title='bbox 923 2373 1075 2416; x_wconf 81' lang='grc' dir='ltr'><strong><em>καὶ-</em></strong></span> <span class='ocrx_word' id='word_1_225' title='bbox 1095 2376 1122 2415; x_wconf 90' lang='grc'>8</span> <span class='ocrx_word' id='word_1_226' title='bbox 1147 2378 1281 2430; x_wconf 79' lang='grc' dir='ltr'><strong><em>φωνῇ</em></strong></span> <span class='ocrx_word' id='word_1_227' title='bbox 1305 2371 1447 2415; x_wconf 75' lang='lat' dir='ltr'><strong>verba·</strong></span> <span class='ocrx_word' id='word_1_228' title='bbox 1470 2370 1626 2415; x_wconf 78' lang='lat' dir='ltr'><strong>labem</strong></span> <span class='ocrx_word' id='word_1_229' title='bbox 1644 2370 1713 2415; x_wconf 83' lang='lat' dir='ltr'><strong><em>vel</em></strong></span> <span class='ocrx_word' id='word_1_230' title='bbox 1739 2369 1868 2414; x_wconf 80' lang='lat' dir='ltr'>lacu-</span> 
     </span>
     <span class='ocr_line' id='line_1_30' title="bbox 183 2427 1868 2487; baseline -0.001 -12"><span class='ocrx_word' id='word_1_231' title='bbox 183 2444 294 2475; x_wconf 74' lang='lat' dir='ltr'><strong><em>nam</em></strong></span> <span class='ocrx_word' id='word_1_232' title='bbox 341 2432 673 2476; x_wconf 74' lang='lat' dir='ltr'><strong>contraxerunt</strong></span> <span class='ocrx_word' id='word_1_233' title='bbox 821 2436 848 2475; x_wconf 93' lang='lat'>8</span> <span class='ocrx_word' id='word_1_234' title='bbox 889 2427 1128 2486; x_wconf 83' lang='grc' dir='ltr'><strong><em>στρατείας</em></strong></span> <span class='ocrx_word' id='word_1_235' title='bbox 1165 2431 1241 2475; x_wconf 93' lang='lat' dir='ltr'><strong><em>UI</em></strong></span> <span class='ocrx_word' id='word_1_236' title='bbox 1272 2430 1354 2474; x_wconf 81' lang='lat' dir='ltr'><strong><em>sed</em></strong></span> <span class='ocrx_word' id='word_1_237' title='bbox 1392 2429 1440 2473; x_wconf 89' lang='lat' dir='ltr'><strong><em>in</em></strong></span> <span class='ocrx_word' id='word_1_238' title='bbox 1479 2430 1567 2474; x_wconf 81' lang='lat' dir='ltr'><strong><em>hoc</em></strong></span> <span class='ocrx_word' id='word_1_239' title='bbox 1606 2446 1661 2487; x_wconf 76' lang='grc' dir='ltr'><strong><em>γρ</em></strong></span> <span class='ocrx_word' id='word_1_240' title='bbox 1702 2444 1868 2485; x_wconf 81' lang='grc' dir='ltr'><strong><em>σατρα-</em></strong></span> 
     </span>
     <span class='ocr_line' id='line_1_31' title="bbox 182 2485 1870 2549; baseline -0.001 -15"><span class='ocrx_word' id='word_1_241' title='bbox 182 2488 330 2542; x_wconf 83' lang='grc' dir='ltr'><strong><em>πείας</em></strong></span> <span class='ocrx_word' id='word_1_242' title='bbox 371 2503 598 2548; x_wconf 77' lang='lat' dir='ltr'>suprascr.</span> <span class='ocrx_word' id='word_1_243' title='bbox 629 2489 701 2534; x_wconf 75' lang='lat' dir='ltr'><strong><em>m’</em></strong></span> <span class='ocrx_word' id='word_1_244' title='bbox 788 2504 901 2534; x_wconf 87' lang='lat' dir='ltr'><strong><em>num</em></strong></span> <span class='ocrx_word' id='word_1_245' title='bbox 942 2489 1024 2542; x_wconf 80' lang='grc' dir='ltr'><strong><em>τὰς</em></strong></span> <span class='ocrx_word' id='word_1_246' title='bbox 1065 2487 1305 2545; x_wconf 79' lang='grc' dir='ltr'><strong><em>στρατείας</em></strong></span> <span class='ocrx_word' id='word_1_247' title='bbox 1345 2485 1428 2533; x_wconf 79' lang='grc' dir='ltr'><strong><em>ὑπ’</em></strong></span> <span class='ocrx_word' id='word_1_248' title='bbox 1474 2489 1599 2549; x_wconf 76' lang='grc' dir='ltr'><strong><em>αὐτῷ</em></strong></span> <span class='ocrx_word' id='word_1_249' title='bbox 1643 2488 1870 2547; x_wconf 75' lang='grc' dir='ltr'><strong><em>(ποιοῦν-</em></strong></span> 
     </span>
     <span class='ocr_line' id='line_1_32' title="bbox 182 2543 1868 2606; baseline -0.001 -13"><span class='ocrx_word' id='word_1_250' title='bbox 182 2565 278 2605; x_wconf 86' lang='grc' dir='ltr'><strong><em>ται,</em></strong></span> <span class='ocrx_word' id='word_1_251' title='bbox 309 2547 522 2606; x_wconf 70' lang='grc' dir='ltr'><strong><em>(Μίθρης</em></strong></span> <span class='ocrx_word' id='word_1_252' title='bbox 551 2548 604 2595; x_wconf 77' lang='grc' dir='ltr'><strong><em>δὲ</em></strong></span> <span class='ocrx_word' id='word_1_253' title='bbox 634 2551 876 2605; x_wconf 81' lang='grc' dir='ltr'><strong><em>καλεῖται)</em></strong></span> <span class='ocrx_word' id='word_1_254' title='bbox 904 2546 1100 2604; x_wconf 78' lang='grc' dir='ltr'><strong><em>Περσίδι</em></strong></span> <span class='ocrx_word' id='word_1_255' title='bbox 1133 2550 1320 2606; x_wconf 58' lang='lat' dir='ltr'><strong><em>munitm?</em></strong></span> <span class='ocrx_word' id='word_1_256' title='bbox 1354 2548 1361 2605; x_wconf 92' lang='grc' dir='ltr'>Ι</span> <span class='ocrx_word' id='word_1_257' title='bbox 1397 2543 1471 2593; x_wconf 73' lang='grc' dir='ltr'><strong><em>ἐπ’</em></strong></span> <span class='ocrx_word' id='word_1_258' title='bbox 1498 2547 1567 2591; x_wconf 83' lang='lat' dir='ltr'><strong><em>Re</em></strong></span> <span class='ocrx_word' id='word_1_259' title='bbox 1687 2551 1713 2591; x_wconf 82' lang='lat'><em>9</em></span> <span class='ocrx_word' id='word_1_260' title='bbox 1742 2543 1868 2591; x_wconf 76' lang='grc' dir='ltr'><strong><em>τδπω</em></strong></span> 
     </span>
     <span class='ocr_line' id='line_1_33' title="bbox 183 2605 1868 2666; baseline -0.002 -14"><span class='ocrx_word' id='word_1_261' title='bbox 183 2621 327 2665; x_wconf 80' lang='lat' dir='ltr'><strong>supra.</strong></span> <span class='ocrx_word' id='word_1_262' title='bbox 348 2608 535 2664; x_wconf 84' lang='grc' dir='ltr'><strong><em>πρώτωι</em></strong></span> <span class='ocrx_word' id='word_1_263' title='bbox 561 2609 634 2663; x_wconf 82' lang='lat'><strong><em>0·,</em></strong></span> <span class='ocrx_word' id='word_1_264' title='bbox 659 2608 724 2652; x_wconf 66' lang='grc' dir='ltr'><strong><em>Ρ4</em></strong></span> <span class='ocrx_word' id='word_1_265' title='bbox 746 2608 800 2652; x_wconf 77' lang='grc' dir='ltr'><strong><em>ἰιι</em></strong></span> <span class='ocrx_word' id='word_1_266' title='bbox 819 2621 910 2660; x_wconf 82' lang='lat' dir='ltr'><strong>ras,</strong></span> <span class='ocrx_word' id='word_1_267' title='bbox 942 2608 1015 2652; x_wconf 93' lang='lat' dir='ltr'><strong><em>UI</em></strong></span> <span class='ocrx_word' id='word_1_268' title='bbox 1068 2605 1195 2652; x_wconf 83' lang='grc' dir='ltr'><strong><em>τόπω</em></strong></span> <span class='ocrx_word' id='word_1_269' title='bbox 1217 2607 1381 2666; x_wconf 81' lang='grc' dir='ltr'><strong><em>πρώτῳ</em></strong></span> <span class='ocrx_word' id='word_1_270' title='bbox 1404 2605 1507 2651; x_wconf 76' lang='lat' dir='ltr'><strong><em>Mor</em></strong></span> <span class='ocrx_word' id='word_1_271' title='bbox 1627 2611 1678 2649; x_wconf 93' lang='lat'><strong><em>11</em></strong></span> <span class='ocrx_word' id='word_1_272' title='bbox 1704 2605 1868 2663; x_wconf 70' lang='grc' dir='ltr'><strong><em>αὐτοῦ]</em></strong></span> 
     </span>
     <span class='ocr_line' id='line_1_34' title="bbox 184 2653 1812 2722; baseline -0.002 -11"><span class='ocrx_word' id='word_1_273' title='bbox 184 2668 340 2711; x_wconf 82' lang='grc' dir='ltr'><strong><em>αὐτῶν</em></strong></span> <span class='ocrx_word' id='word_1_274' title='bbox 365 2669 452 2712; x_wconf 83' lang='lat' dir='ltr'><strong><em>Mo</em></strong></span> <span class='ocrx_word' id='word_1_275' title='bbox 574 2673 629 2712; x_wconf 81' lang='lat'><strong><em>12</em></strong></span> <span class='ocrx_word' id='word_1_276' title='bbox 654 2666 837 2721; x_wconf 78' lang='grc' dir='ltr'><strong><em>δέξαιτο</em></strong></span> <span class='ocrx_word' id='word_1_277' title='bbox 872 2667 943 2713; x_wconf 89' lang='lat' dir='ltr'><strong><em>UI</em></strong></span> <span class='ocrx_word' id='word_1_278' title='bbox 968 2665 1050 2710; x_wconf 80' lang='lat' dir='ltr'><strong><em>sed</em></strong></span> <span class='ocrx_word' id='word_1_279' title='bbox 1082 2666 1132 2709; x_wconf 88' lang='lat' dir='ltr'><strong><em>in</em></strong></span> <span class='ocrx_word' id='word_1_280' title='bbox 1161 2653 1250 2710; x_wconf 79' lang='lat' dir='ltr'><strong><em>hoc</em></strong></span> <span class='ocrx_word' id='word_1_281' title='bbox 1281 2663 1461 2719; x_wconf 75' lang='grc' dir='ltr'><strong><em>δέξεται</em></strong></span> <span class='ocrx_word' id='word_1_282' title='bbox 1492 2663 1812 2722; x_wconf 68' lang='lat' dir='ltr'><strong><em>saprum-,111¹</em></strong></span> 
     </span>
     <span class='ocr_line' id='line_1_35' title="bbox 189 2721 1869 2783; baseline -0.002 -13"><span class='ocrx_word' id='word_1_283' title='bbox 189 2732 244 2770; x_wconf 84' lang='grc'><strong><em>14</em></strong></span> <span class='ocrx_word' id='word_1_284' title='bbox 277 2725 486 2783; x_wconf 77' lang='grc' dir='ltr'><strong><em>ἀδελφὸν</em></strong></span> <span class='ocrx_word' id='word_1_285' title='bbox 514 2725 566 2770; x_wconf 86' lang='lat' dir='ltr'><strong><em>in</em></strong></span> <span class='ocrx_word' id='word_1_286' title='bbox 595 2733 689 2772; x_wconf 76' lang='grc' dir='ltr'><strong><em>τῶν</em></strong></span> <span class='ocrx_word' id='word_1_287' title='bbox 721 2729 903 2783; x_wconf 81' lang='grc' dir='ltr'><strong><em>δελφῶν</em></strong></span> <span class='ocrx_word' id='word_1_288' title='bbox 935 2739 1037 2770; x_wconf 84' lang='lat' dir='ltr'><strong>eon·</strong></span> <span class='ocrx_word' id='word_1_289' title='bbox 1062 2725 1120 2771; x_wconf 81' lang='lat' dir='ltr'><strong><em>C·</em></strong></span> <span class='ocrx_word' id='word_1_290' title='bbox 1252 2729 1307 2768; x_wconf 84' lang='lat'><strong><em>15</em></strong></span> <span class='ocrx_word' id='word_1_291' title='bbox 1339 2739 1364 2768; x_wconf 93' lang='grc' dir='ltr'><strong><em>ο</em></strong></span> <span class='ocrx_word' id='word_1_292' title='bbox 1394 2723 1444 2767; x_wconf 88' lang='lat' dir='ltr'><strong><em>in</em></strong></span> <span class='ocrx_word' id='word_1_293' title='bbox 1474 2723 1594 2768; x_wconf 76' lang='grc' dir='ltr'><strong><em>θεὸν</em></strong></span> <span class='ocrx_word' id='word_1_294' title='bbox 1623 2723 1672 2767; x_wconf 86' lang='lat' dir='ltr'><strong><em>in</em></strong></span> <span class='ocrx_word' id='word_1_295' title='bbox 1702 2734 1780 2767; x_wconf 67' lang='lat' dir='ltr'><strong><em>ras</em></strong></span> <span class='ocrx_word' id='word_1_296' title='bbox 1810 2721 1869 2766; x_wconf 82' lang='lat'><strong><em>1’</em></strong></span> 
     </span>
     <span class='ocr_line' id='line_1_36' title="bbox 244 2781 1810 2841; baseline -0.002 -12"><span class='ocrx_word' id='word_1_297' title='bbox 244 2788 374 2830; x_wconf 83' lang='grc' dir='ltr'><strong><em>θεῶν</em></strong></span> <span class='ocrx_word' id='word_1_298' title='bbox 405 2786 452 2830; x_wconf 90' lang='grc' dir='ltr'><strong><em>Ρ</em></strong></span> <span class='ocrx_word' id='word_1_299' title='bbox 600 2789 656 2829; x_wconf 81' lang='grc'><strong><em>16</em></strong></span> <span class='ocrx_word' id='word_1_300' title='bbox 688 2787 759 2830; x_wconf 82' lang='grc' dir='ltr'><strong><em>ελλ</em></strong></span> <span class='ocrx_word' id='word_1_301' title='bbox 802 2785 850 2829; x_wconf 86' lang='lat' dir='ltr'><strong><em>in</em></strong></span> <span class='ocrx_word' id='word_1_302' title='bbox 893 2783 1140 2841; x_wconf 76' lang='grc' dir='ltr'><strong><em>μελλούσης</em></strong></span> <span class='ocrx_word' id='word_1_303' title='bbox 1176 2783 1226 2827; x_wconf 89' lang='lat' dir='ltr'><strong><em>in</em></strong></span> <span class='ocrx_word' id='word_1_304' title='bbox 1262 2795 1339 2827; x_wconf 68' lang='lat' dir='ltr'><strong><em>rae</em></strong></span> <span class='ocrx_word' id='word_1_305' title='bbox 1369 2782 1434 2827; x_wconf 72' lang='lat' dir='ltr'><strong><em>P·</em></strong></span> <span class='ocrx_word' id='word_1_306' title='bbox 1514 2781 1652 2840; x_wconf 71' lang='grc' dir='ltr'><strong><em>μελού</em></strong></span> <span class='ocrx_word' id='word_1_307' title='bbox 1712 2798 1736 2832; x_wconf 73' lang='lat' dir='ltr'>c</span> <span class='ocrx_word' id='word_1_308' title='bbox 1765 2782 1810 2827; x_wconf 77' lang='lat' dir='ltr'><em>A</em></span> 
     </span>
     <span class='ocr_line' id='line_1_37' title="bbox 186 2840 1871 2901; baseline -0.003 -12"><span class='ocrx_word' id='word_1_309' title='bbox 186 2849 242 2895; x_wconf 88' lang='lat'><strong><em>18</em></strong></span> <span class='ocrx_word' id='word_1_310' title='bbox 275 2843 320 2889; x_wconf 80' lang='grc' dir='ltr'><strong><em>οἱ</em></strong></span> <span class='ocrx_word' id='word_1_311' title='bbox 364 2844 448 2901; x_wconf 81' lang='grc' dir='ltr'><strong><em>μὲν</em></strong></span> <span class='ocrx_word' id='word_1_312' title='bbox 479 2869 535 2877; x_wconf 91' lang='grc'>-</span> <span class='ocrx_word' id='word_1_313' title='bbox 567 2848 669 2898; x_wconf 82' lang='lat'>458,</span> <span class='ocrx_word' id='word_1_314' title='bbox 693 2847 721 2888; x_wconf 90' lang='lat'>8</span> <span class='ocrx_word' id='word_1_315' title='bbox 758 2841 916 2888; x_wconf 83' lang='grc' dir='ltr'><strong><em>πίστιν</em></strong></span> <span class='ocrx_word' id='word_1_316' title='bbox 955 2842 1073 2887; x_wconf 73' lang='lat' dir='ltr'><strong>citat</strong></span> <span class='ocrx_word' id='word_1_317' title='bbox 1101 2841 1219 2887; x_wconf 77' lang='lat' dir='ltr'><strong>Plan</strong></span> <span class='ocrx_word' id='word_1_318' title='bbox 1257 2840 1336 2886; x_wconf 84' lang='lat' dir='ltr'><strong>fol.</strong></span> <span class='ocrx_word' id='word_1_319' title='bbox 1371 2845 1455 2885; x_wconf 80' lang='lat'><strong><em>108</em></strong></span> <span class='ocrx_word' id='word_1_320' title='bbox 1605 2844 1661 2884; x_wconf 76' lang='lat'><strong><em>20</em></strong></span> <span class='ocrx_word' id='word_1_321' title='bbox 1710 2846 1871 2884; x_wconf 70' lang='grc' dir='ltr'><strong><em>πᾶσιν</em></strong></span> 
     </span>
     <span class='ocr_line' id='line_1_38' title="bbox 193 2898 1810 2959; baseline -0.005 -9"><span class='ocrx_word' id='word_1_322' title='bbox 193 2904 239 2950; x_wconf 89' lang='lat' dir='ltr'><em>U</em></span> <span class='ocrx_word' id='word_1_323' title='bbox 262 2903 344 2947; x_wconf 82' lang='lat' dir='ltr'><strong><em>sed</em></strong></span> <span class='ocrx_word' id='word_1_324' title='bbox 374 2909 405 2948; x_wconf 82' lang='grc' dir='ltr'><strong><em>ἂ</em></strong></span> <span class='ocrx_word' id='word_1_325' title='bbox 437 2916 635 2959; x_wconf 76' lang='lat' dir='ltr'><strong>erasum,</strong></span> <span class='ocrx_word' id='word_1_326' title='bbox 658 2904 694 2948; x_wconf 93' lang='lat' dir='ltr'><em>I</em></span> <span class='ocrx_word' id='word_1_327' title='bbox 717 2902 799 2947; x_wconf 84' lang='lat' dir='ltr'><strong><em>sed</em></strong></span> <span class='ocrx_word' id='word_1_328' title='bbox 829 2909 860 2947; x_wconf 80' lang='grc' dir='ltr'><strong><em>ἃ</em></strong></span> <span class='ocrx_word' id='word_1_329' title='bbox 891 2903 941 2947; x_wconf 89' lang='lat' dir='ltr'><strong><em>in</em></strong></span> <span class='ocrx_word' id='word_1_330' title='bbox 971 2915 1048 2946; x_wconf 75' lang='lat' dir='ltr'><strong><em>ras</em></strong></span> <span class='ocrx_word' id='word_1_331' title='bbox 1079 2901 1162 2956; x_wconf 78' lang='lat' dir='ltr'><strong><em>m&#39;,</em></strong></span> <span class='ocrx_word' id='word_1_332' title='bbox 1194 2902 1241 2946; x_wconf 89' lang='grc' dir='ltr'><strong><em>Β</em></strong></span> <span class='ocrx_word' id='word_1_333' title='bbox 1268 2898 1350 2945; x_wconf 75' lang='lat' dir='ltr'><strong><em>aed</em></strong></span> <span class='ocrx_word' id='word_1_334' title='bbox 1374 2916 1391 2944; x_wconf 88' lang='grc' dir='ltr'><strong><em>ι</em></strong></span> <span class='ocrx_word' id='word_1_335' title='bbox 1413 2899 1544 2957; x_wconf 70' lang='lat' dir='ltr'>prius</span> <span class='ocrx_word' id='word_1_336' title='bbox 1566 2899 1616 2943; x_wconf 86' lang='lat' dir='ltr'><strong><em>in</em></strong></span> <span class='ocrx_word' id='word_1_337' title='bbox 1640 2912 1716 2943; x_wconf 74' lang='lat' dir='ltr'><strong><em>ras</em></strong></span> <span class='ocrx_word' id='word_1_338' title='bbox 1739 2898 1810 2943; x_wconf 72' lang='grc' dir='ltr'><strong><em>ω’</em></strong></span> 
     </span>
    </p>
   </div>
  </div>
 </body>
</html>
