2090 3162
699 101 926 144 LIBANH
957 99 1182 144 ORATIO
1215 101 1278 144 XI
1721 103 1829 155 495

146 235 336 290 ἐλθεῖν
373 255 468 289 ποι
521 238 613 289 διὰ
662 238 862 306 τάχους
911 238 1135 305 κώλυμα
1185 236 1473 306 παρέχεται
1524 238 1623 290 τὸν
1666 240 1832 306 ὄχλον

146 325 531 378 ἀνακόπτουσα
593 334 707 388 τοῖς
769 325 1084 378 ἀπαντῶσιν
1138 326 1319 394 ὥσπερ
1382 326 1622 394 κύμασιν
1684 326 1831 378 ἀντι-

145 415 460 482 προσώποις
499 415 710 483 δρόμον
748 415 898 476 νεώς.

260 503 378 554 174.
430 502 540 555 Καὶ
579 506 775 555 τοίνυν
813 513 927 565 τοῖς
973 500 1076 571 μὲν
1114 505 1174 556 τὸ
1221 507 1437 571 πλῆθος
1484 503 1679 572 ὁρῶσι,
1729 505 1831 572 τὴν

146 591 206 643 δὲ
243 598 339 659 τῆς
387 600 486 660 γῆς
537 593 718 662 φορὰν
769 591 870 644 οὐκ
911 592 1086 644 εἰδόσι
1126 593 1300 660 φόβος
1339 591 1409 644 ἂν
1448 591 1664 659 γένοιτο
1705 590 1830 661 περὶ
1877 613 1896 646 5

144 687 239 747 τῆς
270 688 480 748 τροφῆς
517 676 581 748 ἧς
613 680 697 732 δεῖ
730 681 1028 742 τοσούτοις.
1089 686 1164 751 τῷ
1198 677 1259 732 δὲ
1289 682 1391 749 τὴν
1421 681 1522 749 μὲν
1554 680 1830 750 ἀκούοντι,

145 769 206 820 τὸ
263 765 324 820 δὲ
386 769 487 821 οὐκ
551 769 723 821 εἰδότι
776 774 967 837 θαῦμα
1021 767 1092 821 ἂν
1143 771 1478 838 παρασταίη,
1540 777 1605 839 τῇ
1659 773 1832 822 τίνων

146 856 444 910 ἀναλοῦται
490 865 685 927 τροφῇ.
771 857 912 910 οὕτω
959 865 1023 927 τῇ
1069 876 1127 910 τε
1180 865 1250 927 γῇ
1303 857 1530 927 πρέπων
1584 858 1612 911 ὁ
1669 860 1831 927 ὄχλος

144 944 172 997 ὁ
221 943 346 1014 παρ’
401 945 535 1013 ἡμῖν
581 952 657 1016 τῷ
702 964 760 997 τε
807 947 949 1017 ὄχλῳ
1003 954 1098 1014 τῆς
1150 953 1251 1013 γῆς
1296 947 1329 1014 ἡ
1385 947 1580 1015 φύσις,
1636 945 1708 999 δι’
1760 947 1830 1015 ἣν

143 1034 492 1086 οὐδεπώποτε
537 1035 637 1086 τὸν
685 1033 884 1092 Ξένιον
936 1034 1367 1103 ἠναγκάσθημεν
1414 1034 1670 1102 ἀδικῆσαι
1716 1037 1830 1087 Δία
1852 1057 1896 1090 ιο

144 1124 236 1175 διὰ
282 1130 377 1190 τῆς
422 1123 548 1191 περὶ
587 1124 717 1184 τοὺς
764 1120 955 1185 ξένους
994 1123 1293 1191 ὠμότητος,
1339 1125 1519 1176 καίτοι
1556 1124 1617 1175 τὸ
1657 1125 1830 1189 παρά-

143 1212 337 1280 δειγμα
390 1219 485 1279 τῆς
531 1209 739 1279 Ῥώμης
799 1212 1040 1279 ἔχοντες,
1101 1212 1135 1279 ἣ
1195 1212 1296 1279 τὴν
1348 1220 1460 1263 τῶν
1514 1210 1830 1279 ἀναγκαίων

144 1299 364 1368 σπάνιν,
402 1299 565 1367 ἡνίκα
598 1297 668 1351 ἂν
698 1306 861 1351 τοῦτο
902 1298 1168 1369 συμπέσῃ,
1206 1307 1271 1369 τῇ
1303 1308 1415 1352 τῶν
1446 1298 1618 1363 ξένων
1649 1299 1828 1353 ἐλάσει

144 1389 283 1455 πρὸς
314 1388 602 1457 ἀφθονίαν
632 1389 973 1456 μεθίστησιν.
1033 1387 1152 1440 175.
1184 1389 1322 1456 ἡμᾶς
1354 1385 1414 1440 δὲ
1450 1390 1456 1456 Ι
1492 1388 1558 1440 οὐ
1590 1390 1742 1441 κατέ·
1767 1401 1810 1445 R
1830 1405 1916 1444 330

143 1482 358 1530 κλεισεν
397 1478 475 1539 εἰς
519 1477 782 1544 τοιαύτην
829 1482 979 1528 ἰάσιν
1017 1477 1050 1545 ἡ
1089 1484 1182 1544 γῆ,
1229 1475 1346 1529 οὐδ’
1394 1479 1545 1529 ἔστιν
1592 1477 1681 1529 ὅτε
1726 1485 1826 1530 τοῦ
1851 1498 1893 1531 15

141 1568 394 1634 πλήθους
456 1565 629 1633 αὑτὴν
683 1564 1050 1633 ἀπεστέρησεν
1104 1563 1191 1617 ἐπὶ
1245 1571 1320 1635 τῷ
1382 1565 1443 1617 τὸ
1500 1567 1827 1634 λειπόμενον

143 1663 340 1722 σῶσαι,
389 1655 650 1721 παλαιόν,
701 1649 877 1722 οἶμαι,
925 1655 1099 1722 νόμον
1150 1653 1318 1722 αὑτῆς
1362 1661 1606 1723 τηροῦσα
1655 1652 1827 1716 ξένων

144 1743 434 1811 συμφορὰς
472 1742 647 1809 λύειν,
687 1742 754 1795 οὐ
799 1749 1000 1810 ποιεῖν,
1047 1739 1163 1794 ἐπεὶ
1202 1740 1294 1794 καὶ
1330 1742 1431 1795 τὸν
1466 1743 1639 1795 παῖδα
1670 1740 1827 1810 ’Λγα-

143 1830 413 1899 μέμνονος
462 1831 595 1898 μετὰ
633 1830 733 1882 τὸν
782 1831 963 1897 φόνον
1001 1836 1098 1897 τῆς
1145 1830 1349 1900 μητρὸς
1398 1831 1491 1882 διὰ
1527 1838 1623 1899 τῆς
1661 1831 1828 1899 ἄλλης

264 1994 316 2032 12
350 2002 420 2045 ep.
456 1993 582 2032 1439.
646 1988 869 2033 Tbemist.
903 2003 966 2033 or.
999 1988 1149 2032 XVIII
1179 2004 1222 2045 p.
1257 1993 1341 2032 222
1357 2002 1397 2033 a.
1459 1989 1617 2035 Ambr.
1651 1990 1709 2034 de
1749 1989 1823 2034 off.

141 2047 205 2091 III
230 2053 268 2092 7.
311 2048 461 2091 Amm.
487 2048 628 2091 Mare.
654 2047 760 2091 XIV
785 2053 826 2102 6,
846 2052 899 2091 19
926 2062 1030 2091 cum
1054 2049 1167 2091 nota
1189 2047 1379 2092 Valesii.
1429 2047 1598 2105 symm.
1624 2062 1694 2106 ep.
1719 2049 1761 2092 Π
1786 2053 1823 2093 7.

251 2201 288 2247 44
320 2196 427 2251 περὶ
456 2201 540 2251 τῆς
568 2202 662 2239 τῶν
693 2202 885 2250 καρπῶν
916 2202 1070 2251 φορᾶς
1105 2194 1271 2238 ίῑίᾗιιΙῑιε
1303 2196 1353 2238 in
1382 2209 1516 2254 marg
1550 2196 1767 2241 CABMo

147 2259 170 2297 7
194 2254 269 2314 τὸ]
298 2262 361 2299 τῶ
386 2256 432 2300 Β
457 2257 504 2298 et
534 2255 583 2298 in
606 2271 658 2299 το
684 2268 785 2298 corr
819 2254 887 2312 Ul
920 2252 1187 2312 παρασταίη
1212 2269 1287 2299 om
1311 2254 1380 2298 Re
1511 2259 1537 2298 8
1568 2271 1598 2298 v
1627 2256 1678 2298 in
1708 2256 1824 2300 ἀνα-

142 2315 304 2358 λοῦται
333 2314 383 2356 in
414 2327 490 2357 ras
522 2313 652 2358 P²1²
726 2314 1009 2358 ἀναλοῦνται
1040 2315 1086 2358 Β
1114 2314 1120 2372 Ι
1146 2329 1195 2358 τε
1237 2328 1312 2357 om
1343 2313 1428 2358 Mo
1455 2314 1461 2371 Ι
1489 2313 1514 2358 ὁ
1553 2314 1725 2358 inserui
1769 2328 1825 2358 ex

151 2373 227 2417 UI
296 2386 372 2416 om
401 2372 572 2429 reliqui
603 2372 713 2416 libri
744 2373 836 2416 edd
970 2377 995 2416 9
1026 2378 1111 2428 τῆς
1141 2386 1215 2416 om
1247 2373 1309 2416 M
1442 2378 1496 2416 10
1528 2373 1823 2418 οὐδεπώποτε

143 2445 199 2476 ex
231 2429 454 2477 οὐδέποτε
485 2445 586 2475 corr
615 2431 674 2475 1²
745 2430 854 2476 οὐδὲ
885 2432 1071 2475 πώποτε
1102 2431 1260 2476 ΑΒΜ
1297 2434 1303 2487 l
1344 2431 1711 2489 ἠναγκάσθημεν
1741 2433 1823 2477 τὸν

142 2489 297 2543 ξένιον
323 2491 368 2536 U
383 2492 432 2535 eh
459 2490 630 2535 Iitfieris
655 2491 684 2549 β
707 2492 755 2534 et
778 2507 808 2533 α
833 2490 1141 2547 suprapositis
1166 2489 1223 2534 1²
1255 2490 1262 2548 Ι
1295 2491 1534 2548 ἀδικῆσαι]
1559 2490 1825 2548 ἀναγκάσαι

144 2550 230 2595 Mo
268 2551 274 2606 Ι
312 2546 407 2593 Δία
446 2549 527 2595 διὰ
566 2550 731 2606 scripsi
763 2563 788 2593 ο
819 2550 996 2595 BMGa
1027 2563 1132 2593 cum
1161 2548 1349 2594 Valesio
1381 2550 1442 2593 ad
1472 2549 1622 2593 Amm.
1650 2549 1758 2593 XIV
1781 2555 1823 2606 6,

145 2613 199 2652 19
230 2623 276 2665 p.
302 2612 356 2652 27
434 2606 515 2654 δία
552 2608 723 2665 reliqui
760 2608 870 2652 libri
945 2607 1026 2652 διὰ
1061 2608 1152 2652 edd
1289 2613 1340 2652 11
1382 2626 1405 2660 ς
1442 2609 1492 2652 in
1529 2614 1612 2665 τῆς
1641 2622 1823 2653 erasum

141 2668 177 2710 Ι
197 2668 203 2724 Ι
231 2665 430 2724 ὠμότητι
459 2669 492 2711 Ι
518 2668 600 2711 sed
632 2685 648 2711 ι
679 2668 730 2711 in
758 2679 920 2711 rasura·
952 2671 977 2710 2
1009 2667 1270 2711 litterarum
1301 2667 1378 2710 m²
1507 2672 1560 2712 12
1593 2665 1744 2725 ῥώμης
1772 2668 1823 2711 in

142 2738 277 2783 marg
306 2726 340 2769 Ι
369 2727 375 2784 Ι
400 2732 456 2782 τῆ
488 2727 535 2770 et
567 2731 621 2770 13
654 2725 822 2771 σπάνει
853 2727 939 2770 Mo
1059 2731 1113 2770 13
1144 2733 1236 2771 τῶν
1268 2741 1343 2770 om
1374 2727 1460 2771 Mo
1593 2732 1645 2771 15
1677 2732 1756 2784 γῆι
1788 2727 1828 2772 0

205 2789 259 2829 16
284 2784 430 2842 αὑτὴν
453 2798 509 2829 ex
539 2785 687 2842 αὐτὴν
710 2799 812 2829 corr
834 2784 892 2828 1²
951 2784 1098 2842 αὐτὴν
1124 2786 1279 2830 ΜοΟα
1337 2784 1483 2842 αυτὴν
1517 2786 1586 2832 ΠΙ
1612 2788 1676 2846 τῷ
1698 2785 1823 2829 inser

146 2845 208 2888 M
215 2843 234 2870 ²
370 2848 423 2887 17
457 2843 601 2901 αὑτῆς
638 2857 695 2888 ex
732 2845 874 2900 αὐτῆς
905 2858 1006 2888 con·
1035 2843 1094 2887 1²
1168 2845 1310 2900 αὐτῆς
1340 2844 1603 2890 BMMoGa
1678 2849 1823 2900 αυτῆς

153 2904 199 2949 U
313 2908 366 2946 19
399 2901 530 2960 μετὰ]
563 2903 682 2959 πρὸς
711 2903 797 2948 Mo
838 2905 845 2959 Ι
886 2902 969 2948 τὸν
1001 2901 1172 2962 φόνον]
1203 2910 1295 2948 τῶν
1325 2901 1510 2948 παίδων
1537 2904 1602 2949 Ca
