2090 3162
547 662 755 723 ΠΕΡΙ
800 660 972 722 TOT
1017 659 1454 724 ΠΑΕΘΡΟΤ.

273 829 317 879 l.
363 825 583 895 Ἐπειδὴ
631 829 871 889 πολλοὺς
914 826 1022 895 ὁρῶ
1063 827 1224 895 χάριν
1264 828 1477 888 εἰδότας
1516 828 1751 896 Πρόκλῳ
1782 837 1922 881 R261

153 923 249 985 τῆς
287 918 623 985 προσθήκης,
663 916 696 984 ἣ
735 918 920 981 μεῖζον
952 923 1099 968 ποιεῖ
1128 916 1189 967 τὸ
1230 915 1490 984 θέατρον,
1530 909 1573 986 ᾧ
1605 912 1836 981 πλευραὶ

153 1005 255 1070 μὲν
285 1004 551 1072 τέτταρες,
590 1004 651 1056 τὸ
693 1004 754 1055 δὲ
792 1002 854 1056 ἐν
884 1003 1030 1075 μέσῳ
1065 1002 1329 1071 Πλέθρον
1360 1002 1571 1072 δέχεται
1606 1003 1666 1055 τὸ
1706 1003 1837 1070 μετὰ

152 1093 496 1161 μεσημβρίαν
527 1094 694 1161 ἔργον
723 1102 835 1145 τῶν
866 1093 1113 1160 ἡκόντων
1146 1091 1405 1160 ἀθλητῶν
1437 1089 1524 1144 ἐπὶ
1556 1091 1621 1143 τὰ
1646 1089 1837 1158 Ὀλύμ-
1885 1111 1904 1144 5

153 1199 274 1249 πια,
322 1182 594 1249 βούλομαι
643 1179 814 1243 δεῖξαι
863 1182 969 1233 τὸν
1007 1180 1107 1250 μὲν
1147 1180 1528 1249 ἁμαρτάνοντα
1566 1187 1630 1248 τῇ
1670 1193 1839 1246 προσ-

152 1271 316 1339 θήκῃ,
355 1271 487 1332 τοὺς
526 1267 577 1322 δ’
623 1268 656 1322 ἃ
697 1277 835 1338 χρῆν
874 1270 1173 1337 αἰτιᾶσθαι,
1213 1276 1383 1321 ταῦτα
1421 1266 1666 1321 ἐπαινεῖν
1705 1285 1838 1334 προ-

151 1357 439 1427 ηγμένους.

266 1447 312 1500 2.
347 1445 664 1514 Ἐγκαλέσαι
697 1445 745 1498 δ’
786 1448 855 1499 ἄν
885 1465 966 1509 τις
998 1447 1063 1499 οὐ
1099 1448 1336 1518 Πρόκλῳ
1376 1449 1586 1514 μᾶλλον
1618 1446 1838 1507 εἰκότως

154 1535 186 1603 ἢ
226 1543 340 1598 τοῖς
378 1534 837 1604 πολιτευομένοις.
901 1528 984 1599 οἷς
1024 1533 1151 1603 ἐξῆν
1189 1532 1290 1603 μὲν
1330 1534 1605 1586 ἀντειπεῖν
1644 1532 1730 1586 ἐπὶ
1770 1540 1904 1605 τῷιο

154 1623 496 1693 συμφέροντι
549 1622 640 1676 καὶ
694 1625 1106 1692 βουλευόμενον
1159 1622 1420 1691 ἐπισχεῖν,
1476 1618 1594 1675 οἶδε
1648 1623 1751 1691 γὰρ
1807 1623 1836 1675 ὁ

155 1712 293 1782 ἀνὴρ
335 1712 567 1765 ἕπεσθαι
598 1721 714 1775 τοῖς
742 1710 869 1781 παρ’
909 1711 1136 1766 ἐκείνων
1166 1715 1461 1780 πολλαχοῦ,
1502 1711 1554 1763 οἱ
1588 1711 1650 1764 δὲ
1679 1714 1837 1763 κολα-
1887 1735 1890 1737 >

154 1808 346 1853 κεῦσαι
395 1806 469 1871 τῷ
514 1801 799 1869 θαυμάσαι
838 1801 899 1853 τὸ
951 1802 1322 1869 γενησόμενον
1361 1800 1574 1852 εἴλοντο
1626 1803 1838 1866 μᾶλλον

153 1887 187 1957 ἢ
240 1890 599 1959 διαλεχθῆναι
644 1890 711 1941 τὰ
759 1887 1050 1958 πρέποντα.
1127 1888 1174 1941 3.
1230 1890 1278 1942 εἰ
1329 1885 1431 1956 μὲν
1478 1883 1581 1941 οὖν
1630 1885 1699 1956 ἧν
1744 1907 1837 1955 μοι

277 2050 310 2094 C
431 2071 484 2086 =
512 2049 658 2092 codex
690 2047 932 2092 Chisianus

274 2110 318 2152 A
431 2130 485 2144 =
511 2107 800 2151 Monacensis
833 2123 898 2165 gr.
926 2111 1009 2151 483
1042 2107 1375 2165 (Augustanus)

274 2169 319 2211 P
433 2189 487 2204 =
511 2166 753 2210 Palatinus
784 2181 851 2224 gr.
879 2170 963 2210 282

274 2227 308 2269 I
429 2247 483 2263 =
509 2225 772 2269 Marcianus
805 2226 1002 2282 append.
1036 2224 1135 2269 XCI
1159 2230 1184 2268 2

273 2284 406 2343 Bong
430 2307 485 2322 =
510 2284 654 2329 editio
686 2285 1099 2342 Bongiovanniana

275 2437 299 2474 2
334 2431 399 2476 Cf.
431 2447 477 2489 p.
513 2436 612 2487 177,
634 2436 688 2476 14
706 2447 772 2488 sq.

275 2584 297 2623 1
331 2587 412 2624 τοῦ
457 2579 580 2623 inser
611 2579 683 2624 Ρ8
832 2584 858 2623 3
890 2572 926 2622 ὦ
957 2604 1015 2612 --
1046 2584 1072 2622 5
1106 2576 1329 2636 Ὀλύμπια
1375 2578 1607 2635 glossema.
1654 2577 1835 2622 censuit

157 2638 313 2683 Gasda
432 2644 460 2682 4
491 2636 673 2696 δέχεται
703 2638 755 2684 δὲ
786 2638 837 2683 τὸ
873 2624 952 2683 &A
983 2638 1083 2695 <sed
1113 2637 1166 2683 δὲ
1197 2641 1396 2691 erasum>
1422 2639 1466 2682 P
1494 2637 1593 2694 (sed
1625 2637 1677 2682 δὲ
1708 2637 1833 2681 inser

155 2698 205 2742 in
235 2710 310 2741 ras
341 2697 411 2740 m⁸
570 2701 594 2741 7
625 2697 733 2749 τούς
763 2695 808 2743 δ’
846 2698 924 2742 ΡΙ
948 2699 996 2741 et
1026 2710 1050 2741 e
1080 2697 1189 2748 τοὺς
1218 2694 1263 2742 δ’
1301 2709 1402 2740 corr
1432 2695 1499 2740 A’
1548 2697 1554 2755 Ι
1604 2696 1719 2755 χρὴν
1754 2696 1834 2780 6¹1

154 2773 395 2814 προηγουμ
421 2772 532 2808 νους
552 2756 686 2814 Bong
807 2762 858 2800 11
892 2755 1172 2815 βουλόμενον
1203 2756 1253 2799 in
1283 2753 1618 2814 βουλευόμενον
1642 2768 1743 2799 corr
1765 2755 1811 2799 A

156 2818 204 2860 ei:
234 2816 338 2860 coni
370 2814 525 2860 Gasda
556 2817 603 2859 et
634 2814 780 2860 Cobet
810 2815 977 2859 Mnem.
1003 2815 1045 2858 V
1077 2819 1161 2860 106
1193 2813 1322 2871 (Coll.
1356 2814 1455 2858 crit.
1490 2817 1605 2872 102),
1638 2813 1835 2858 fortasse

154 2877 279 2919 recte
327 2875 335 2932 Ι
384 2873 408 2918 ὁ
440 2874 565 2918 inser
597 2874 655 2919 0⁸
686 2887 787 2918 eras
820 2875 866 2918 P
1013 2880 1066 2918 12
1098 2874 1290 2931 spiritus
1327 2873 1444 2918 lenis
1483 2873 1534 2917 in
1565 2873 1685 2930 ἀνὴρ
1717 2873 1788 2917 Ρ8
1822 2873 1857 2932 1„

156 2932 201 2978 οἱ
231 2932 285 2979 δὲ
318 2933 377 2978 0·
425 2933 431 2991 Ι
480 2934 588 2990 post
619 2935 894 2978 κολακεῦσαι
925 2946 1027 2977 eras
1059 2933 1110 2977 δὲ
1146 2933 1184 2979 Ο

243 3014 441 3048 Lnnaems
465 3015 523 3048 ed.
545 3015 783 3048 Foernter.
823 3015 853 3047 Ι.
871 3023 912 3047 11.
1511 3009 1566 3049 26
