2090 3162
217 136 325 189 488
771 136 998 178 LIBANII
1031 135 1252 179 ORATIO
1286 136 1347 179 XI

221 269 280 324 δὲ
320 274 448 334 τοὺς
487 270 956 336 πεπαιδευμένους
994 274 1245 339 φίλτρον,
1286 270 1610 339 ἀστειοσύνη
1654 269 1714 324 δὲ
1746 274 1778 340 ἡ
1813 274 1908 325 διὰ

217 362 456 427 πάντων,
496 366 604 412 ποῦ
643 367 813 412 ταῦτα
853 358 914 412 ἐν
954 361 1098 431 ἄλλω
1140 361 1318 431 δήμω;
1358 362 1405 412 εἰ
1446 356 1506 412 δὲ
1547 361 1630 413 δεῖ
1669 358 1908 428 τάληθὲς

220 450 408 515 εἰπεῖν,
448 455 555 500 ποῦ
588 455 756 500 ταῦτα
796 446 856 500 ε’ν
888 450 1022 518 ἄλλῃ
1055 450 1254 517 βουλῖῃ
1310 448 1453 500 οὕτω
1495 453 1759 518 κρείττων
1790 449 1904 502 ἐστὶ

129 551 275 593 R3523
309 545 401 604 τῆς
437 537 442 603 Ι
477 538 846 605 προσηγορίας
896 537 984 588 καὶ
1033 545 1097 606 τῇ
1148 537 1272 605 περὶ
1318 537 1415 588 τὸν
1462 539 1587 603 βίον
1627 538 1909 610 εὐρυθμία

176 627 468 679 5καλλίονι
522 626 935 694 προσκεχώρηκε
992 627 1234 693 σχήματι.
1333 624 1451 678 155.
1509 629 1906 696 φιλανθρωπίᾳ

217 717 411 766 τοίνυν
449 721 717 766 τοσοῦτον
755 716 1051 783 περίεστιν,
1090 715 1228 766 ὥστε
1268 713 1301 766 ἃ
1339 715 1477 783 πρὸς
1507 718 1637 777 τοὺς
1669 716 1906 778 οἰκείους

220 802 422 871 ἑτέροις
470 804 885 871 παραλείπεται,
935 811 1105 855 ταῦτα
1143 804 1320 874 τούτῳ
1371 803 1496 871 περὶ
1536 805 1666 866 τοὺς
1717 803 1910 867 ξένους

216 891 532 959 πέπρακται.
593 900 704 944 τῶν
743 892 845 959 γὰρ
885 890 1009 960 παρ’
1044 893 1231 954 ἄλλοις
1262 892 1705 961 πολιτευομένων
1739 893 1904 962 δεῦρο

218 979 687 1032 ἀνασπασθέντων
727 977 807 1032 ἐπ’
856 981 1053 1042 αἰτίαις
1101 975 1178 1032 ὧν
1217 981 1250 1048 ἡ
1290 982 1414 1048 δίκη
1462 981 1730 1047 θάνατος,
1778 980 1905 1048 ἀγο-

152 1091 194 1122 10
217 1067 398 1134 μένων
436 1067 523 1120 ἐπὶ
563 1069 658 1130 τὰς
698 1069 912 1136 σφαγὰς
951 1070 1108 1121 ἔπεσε
1156 1065 1257 1135 μὲν
1299 1069 1327 1122 ὁ
1370 1070 1540 1136 δῆμος
1579 1071 1657 1131 εἰς
1697 1069 1910 1137 δάκρυα

217 1154 307 1208 καὶ
346 1155 666 1225 περιέρρεον
704 1158 765 1210 τὸ
807 1159 1090 1223 βασίλειον
1131 1159 1236 1210 σὺν
1278 1158 1535 1227 ἱκετηρία,
1575 1158 1675 1225 τὴν
1715 1155 1775 1210 δὲ
1805 1165 1904 1210 τοῦ

215 1247 335 1297 τότε
397 1252 733 1314 κρατοῦντος
795 1244 1025 1309 ζέουσαν
1080 1245 1256 1315 ὁρμὴν
1311 1247 1365 1298 αἱ
1425 1247 1637 1298 τούτων
1693 1247 1909 1313 δεήσεις

218 1332 528 1402 ἐστόρεσαν.
599 1332 727 1385 156.
780 1333 989 1387 οὐκοῦν
1036 1335 1089 1386 οἱ
1135 1331 1237 1403 μὲν
1283 1334 1391 1387 ὑπὸ
1431 1342 1530 1387 τοῦ
1576 1335 1715 1403 πρὸς
1751 1333 1911 1388 ἔλεον

218 1420 404 1490 ῥέπειν
446 1421 708 1490 ἱκέτευον,
748 1421 777 1475 ὁ
818 1420 866 1474 δ’
905 1422 976 1485 ὡς
1015 1421 1188 1485 ἀξίοις
1225 1421 1317 1475 καὶ
1354 1424 1420 1475 τὰ
1450 1431 1677 1475 τοιαῦτα
1717 1426 1908 1490 λαβεῖν

152 1533 193 1565 15
218 1509 507 1580 ἐχαρίζετο,
547 1508 639 1562 καὶ
678 1506 830 1579 εἶχον
867 1513 997 1573 τοὺς
1035 1511 1136 1578 μὲν
1165 1514 1391 1573 πολίτας
1424 1513 1479 1564 αἱ
1517 1513 1717 1579 πόλεις,
1758 1513 1807 1564 οἱ
1846 1509 1906 1564 δὲ

216 1600 317 1667 τὴν
354 1606 452 1651 τοῦ
502 1598 591 1651 καὶ
643 1599 943 1667 δεδεῆσθαι
992 1599 1083 1651 καὶ
1134 1598 1485 1668 τετυχηκέναι
1536 1598 1721 1668 δόξαν,
1774 1600 1803 1653 ὁ
1844 1597 1906 1652 δὲ

215 1688 316 1755 τὴν
355 1686 459 1740 ἀπὸ
499 1693 598 1740 τοῦ
638 1695 859 1755 νικῆσαι
897 1689 996 1740 τὸν
1034 1688 1224 1756 θυμὸν
1266 1688 1532 1740 εὔκλειαν.

334 1775 454 1828 157.
512 1775 594 1828 Οὐ
649 1777 758 1844 μὴν
805 1778 956 1828 ἔστιν
1004 1777 1195 1844 εἰπεῖν,
1251 1776 1324 1839 ὡς
1370 1777 1402 1845 ἡ
1449 1778 1747 1846 χρηστότης
1794 1776 1908 1829 ἐπι-

335 1985 360 2023 4
393 1980 515 2026 Plat.
545 1980 668 2024 Prot.
702 1996 748 2037 p.
781 1980 909 2023 326b
1063 1985 1118 2023 10
1149 1980 1260 2028 Her.
1282 1979 1345 2023 V]
1370 1986 1423 2024 21

340 2177 361 2215 1
406 2172 679 2229 ἀστειοσύνη
712 2198 767 2204 -
801 2177 826 2215 2
866 2171 1056 2217 πάντων
1097 2172 1212 2216 citat
1243 2172 1401 2216 Thom.
1435 2173 1495 2215 M.
1528 2188 1572 2229 p
1599 2178 1670 2227 43,
1688 2177 1714 2214 4
1755 2171 1907 2228 ὥσπερ

219 2232 419 2286 ἀστεῖος,
468 2230 585 2276 οὕτω
633 2231 713 2274 καὶ
758 2231 1049 2287 ἀστειοσύνη,
1098 2232 1158 2282 ὡς
1202 2230 1226 2275 ὃ
1267 2232 1407 2282 αὐτὸς
1452 2230 1707 2289 (Λιβάνιος)
1755 2231 1804 2276 ἐν
1842 2235 1904 2290 τῷ

211 2287 493 2364 Ἀντιοχικῷ·
529 2291 626 2333 ἇστ.
653 2293 743 2333 κτλ.
774 2290 779 2348 Ι
807 2291 1081 2346 δικαιοσύνη
1115 2289 1260 2334 Cobet
1289 2290 1458 2334 Mnem.
1476 2290 1619 2334 V108
1645 2290 1773 2346 (Goll.
1802 2293 1904 2347 104)

278 2355 300 2392 1
345 2365 370 2405 η
415 2348 514 2407 διὰ]
559 2348 696 2405 ἡδεῖα
738 2348 899 2393 Iacobs
1050 2355 1077 2393 4
1119 2367 1174 2421 γρ
1222 2347 1427 2410 εὐθυμία
1470 2349 1572 2393 Mor
1618 2350 1668 2393 in
1713 2363 1845 2407 marg

218 2413 244 2451 6
275 2414 466 2452 τοσοῦτο
490 2409 608 2453 Rea
676 2407 880 2452 τοσούτω
913 2408 988 2452 UI
1008 2409 1013 2466 Ι
1042 2406 1163 2452 ὥσθ’
1192 2409 1277 2452 Mo
1397 2412 1423 2451 8
1446 2406 1562 2463 παρ’
1597 2408 1646 2451 in
1677 2422 1752 2452 ras
1784 2408 1845 2451 1³

139 2519 142 2523 ⁴
219 2464 294 2510 ἐπ’
339 2467 383 2510 U
529 2471 582 2510 10
623 2466 688 2518 εἰς
726 2481 802 2511 om
839 2466 955 2520 Mor,
994 2467 1120 2511 inser
1150 2467 1283 2523 Toup
1323 2467 1384 2510 ad
1415 2467 1608 2523 Longin.
1649 2483 1694 2524 p.
1728 2472 1812 2510 329
1856 2469 1907 2510 et

217 2525 348 2570 Koen
380 2525 442 2569 ad
473 2523 596 2583 Greg
597 2539 660 2569 or.
695 2525 896 2570 Corinth
933 2526 990 2569 de
1022 2526 1132 2570 dial.
1167 2527 1250 2570 att.
1286 2530 1310 2579 ξ
1336 2530 1392 2569 20
1422 2541 1467 2600 p.
1495 2531 1549 2570 63
1582 2527 1652 2569 ed.
1687 2525 1907 2570 Schaefer

280 2589 332 2628 11
357 2583 410 2628 τὸ
442 2541 675 2642 βασίλειον
707 2598 732 2628 e
757 2592 820 2629 τῶ
846 2586 1024 2643 βασιλεῖ
1046 2599 1147 2629 corr
1168 2584 1227 2627 1²
1253 2583 1302 2642 Ι
1288 2582 1541 2641 ικετηρίαις
1564 2584 1710 2629 Cobet
1732 2585 1901 2628 Mnem.

218 2643 260 2687 V
287 2646 370 2686 108
404 2641 532 2699 (coll.
561 2646 663 2699 104)
807 2648 862 2687 12
896 2643 1038 2701 ὀργὴν
1068 2645 1137 2688 Re
1159 2643 1300 2687 Anim
1332 2645 1379 2687 et
1410 2643 1554 2688 Cobet
1584 2644 1613 2687 l
1647 2643 1676 2687 1.
1755 2646 1806 2687 ai:
1845 2643 1901 2687 cf.

220 2702 241 2745 I
266 2707 367 2757 554,
386 2701 500 2745 24R
548 2704 555 2758 Ι
603 2702 712 2746 τούτ
749 2703 800 2746 in
829 2702 1006 2746 τούτων
1037 2703 1087 2746 in
1125 2716 1201 2746 ras
1234 2702 1342 2747 Mo²
1474 2707 1529 2746 13
1559 2703 1651 2747 ὑπὸ
1684 2703 1848 2759 scripsi
1878 2715 1906 2745 e

218 2759 481 2806 BMMoOa
519 2760 620 2804 coll.
653 2776 696 2818 p.
732 2765 832 2815 299,
859 2765 912 2804 19
991 2761 1067 2805 ἐπὶ
1101 2762 1308 2806 CAPUI
1342 2761 1433 2805 edd
1473 2763 1657 2815 „malim
1696 2767 1778 2806 aut
1807 2761 1902 2805 ἀπὸ

219 2825 302 2863 aut
341 2819 390 2864 ἐκ
429 2825 511 2864 aut
549 2819 650 2864 ἔθει
690 2825 773 2864 aut
810 2819 1124 2876 ἐπιτηδεύσει“
1156 2821 1226 2869 Re
1264 2821 1271 2879 Ι
1307 2820 1360 2864 τὸ
1390 2821 1436 2864 Ρ
1465 2820 1547 2863 sed
1579 2821 1602 2864 ὸ
1634 2820 1684 2863 111
1713 2833 1788 2864 ras
1818 2818 1902 2872 m‘,

230 2879 302 2923 UI
329 2937 386 2980 Μ
432 2883 487 2922 14
531 2875 603 2922 ὅδ’
641 2878 825 2924 ΡΙΒΜ
964 2883 1018 2923 16
1056 2878 1142 2935 τὴν
1183 2879 1234 2922 in
1274 2878 1356 2923 τὸν
1399 2891 1501 2922 0011
1530 2881 1576 2923 Α
1610 2881 1617 2936 Ι
1655 2879 1735 2922 καὶ
1774 2877 1904 2934 prius

221 2950 296 2980 om
388 2951 414 2981 ο
