2090 3162
729 85 956 130 LIBANII
986 84 1209 130 ORATIO
1241 84 1304 127 VT
1748 85 1854 137 359

176 231 272 291 τῆς
305 223 479 291 Τύχης
511 221 664 292 ἀρκεῖ
701 240 759 274 τε
798 218 967 274 οὐδὲν
998 221 1201 289 αὐτοῖς,
1242 220 1344 273 ἀπὸ
1376 230 1486 273 τῶν
1518 220 1701 273 αὐτῶν
1732 221 1856 272 τού-

175 331 287 363 των
337 315 505 363 λῦπαι
554 330 612 363 τε
662 310 847 373 αὐτοῖς
899 307 990 362 καὶ
1041 309 1191 362 ἀνίαι
1235 308 1326 362 καὶ
1373 310 1434 361 τὸ
1481 312 1667 378 τήκειν
1714 316 1856 377 σφᾶς

174 400 391 462 αὐτούς.

291 487 371 540 15.
422 486 587 556 Ἀλλ’,
642 485 683 541 ὦ
739 489 1025 557 ἄνθρωπε,
1080 488 1377 557 προσκύνει
1431 488 1531 555 τὴν
1576 489 1730 554 θεόν,
1785 486 1857 548 ὡς

177 577 431 646 εὐτυχής,
478 575 548 644 ἢν
586 577 840 647 ὑγιαίνῃς
886 573 988 644 μὲν
1026 577 1126 644 τὴν
1170 578 1370 645 ψυχήν,
1418 575 1674 645 ἀκέραιον
1720 572 1780 627 δὲ
1822 567 1855 645 ᾗ
1904 596 1922 628 5

175 681 267 719 σοι
307 667 366 718 τὸ
408 675 577 734 σῶμα,
618 665 650 733 ἡ
692 667 832 734 γυνὴ
874 666 934 718 δὲ
974 673 1254 735 σωφρονῇ,
1292 667 1510 734 κόσμιοι
1543 662 1603 717 δὲ
1636 661 1772 717 ὦσιν
1804 664 1857 716 οἱ

174 755 384 823 παῖδες,
415 754 551 825 μένῃ
585 754 647 807 δὲ
676 755 742 807 τὰ
771 760 1006 826 πατρῷα,
1039 755 1220 822 φίλων
1243 753 1304 806 δὲ
1336 753 1615 823 ἀπολαύῃς
1647 762 1856 823 σαφῶν,

181 843 263 895 16.
302 841 392 902 καὶ
432 845 502 895 σὺ
543 842 620 912 δέ,
660 840 702 896 ὦ
741 843 841 896 τὸν
878 845 1006 911 βίον
1038 842 1142 895 ἀπὸ
1173 852 1286 895 τῶν
1314 851 1515 913 χειρῶν
1545 843 1856 911 ποιούμενε,

172 930 313 999 μέγα
352 937 475 984 οἰόυ
514 932 575 984 τὸ
616 937 857 1001 χρῆσθαι
895 939 1019 985 ταῖν
1056 939 1261 1001 χεροῖν,
1299 931 1388 984 καὶ
1429 933 1498 983 σὺ
1535 929 1611 999 δέ,
1653 927 1693 984 ὦ
1727 932 1857 984 σύν-

176 1021 317 1088 δικε,
356 1022 418 1074 τὸ
457 1029 573 1083 τοῖς
611 1023 819 1090 λόγοις,
865 1019 971 1073 κᾶν
1008 1021 1196 1090 μηδεὶς
1235 1019 1408 1090 ἀρχὴν
1447 1019 1610 1092 διδῷ,
1649 1019 1739 1073 καὶ
1787 1023 1856 1073 σὺ
1883 1041 1923 1072 10

174 1108 262 1176 δέ,
302 1106 344 1162 ὦ
382 1111 592 1172 πόλεως
631 1107 821 1180 ἄρξας,
859 1108 964 1161 κᾶν
1001 1107 1191 1178 μηδεὶς
1230 1107 1430 1179 ἑτέρων
1469 1110 1619 1180 διδῷ,
1656 1109 1748 1161 καὶ
1788 1110 1856 1161 σὺ

173 1197 254 1265 δέ,
279 1194 321 1250 ὦ
347 1198 658 1266 διδάσκαλε,
683 1198 744 1250 τὸ
772 1201 866 1266 ζῆν
890 1197 951 1251 ἐν
982 1197 1208 1269 ἀτελείᾳ.
1245 1195 1251 1268 Ι
1285 1196 1376 1250 καὶ
1406 1205 1510 1260 πᾶς
1534 1194 1594 1250 δὲ
1619 1198 1770 1260 ὅστις
1801 1210 1843 1253 Β,
1860 1214 1944 1253 245

177 1288 382 1354 ἰατρῶν
437 1287 503 1339 οὐ
557 1285 769 1357 χρῄζων
824 1285 1150 1353 λελουμένος
1212 1285 1594 1355 ἑστιασόμενος
1646 1283 1857 1355 ἔρχεται

174 1376 421 1444 καθαρὸς
461 1377 656 1444 φόβων
695 1374 793 1437 οὓς
839 1374 1084 1444 ἐπιφέρει
1135 1375 1506 1443 συκοφάντης,
1557 1375 1647 1427 καὶ
1698 1369 1859 1438 οὗτός

176 1483 238 1532 γε
278 1462 338 1516 ἐν
369 1472 485 1526 τοῖς
517 1465 741 1526 δικαίως
773 1462 843 1516 ἂν
873 1463 1152 1532 ὑμνοῦσιν
1191 1464 1271 1532 εἴη
1303 1464 1404 1532 τὴν
1443 1464 1637 1532 Τύχην.
1704 1463 1787 1516 17.
1827 1463 1856 1516 ὃ
1883 1485 1923 1518 15

172 1553 242 1621 δὴ
288 1553 377 1604 καὶ
423 1553 613 1625 πρςόην
657 1554 794 1622 πρός
834 1571 959 1605 τινα
996 1561 1107 1605 τῶν
1145 1550 1468 1620 ἐπιτηδείων
1505 1549 1710 1620 ἔλεγον.
1787 1553 1860 1615 ὡς

175 1642 279 1710 γὰρ
328 1642 396 1709 δὴ
442 1638 579 1710 ἦμεν
626 1640 686 1694 ἐν
731 1643 923 1709 μόνοις
966 1642 1070 1710 ἤδη
1118 1649 1235 1704 τοῖς
1280 1644 1625 1710 χιτωνίσκοις
1663 1644 1860 1694 λουσό-

170 1749 328 1797 μενοι
371 1729 461 1783 καὶ
500 1733 602 1798 τήν
639 1749 696 1782 τε
727 1727 1066 1799 Ἀφροδίτην
1103 1729 1453 1800 παρεκάλουν
1489 1729 1580 1782 καὶ
1619 1731 1716 1783 τὸν
1747 1731 1859 1782 Σά-

175 1837 350 1888 τυρον
380 1818 624 1887 ἡσθέντα
662 1838 728 1885 με
767 1817 1048 1887 ἀπελθεῖν,
1088 1818 1190 1871 οὐκ
1224 1812 1369 1871 εἶναί
1405 1818 1472 1871 οὑ
1505 1817 1859 1887 δυστυχέστε-

175 1925 278 1975 ρον
317 1906 346 1959 ὁ
388 1905 601 1977 ἑταῖρος
647 1909 902 1976 ἔφασκεν.
978 1905 1084 1975 ἐγὼ
1134 1903 1195 1959 δὲ
1233 1905 1566 1975 ἐπέπληττον
1605 1906 1858 1975 ἀκούσας,
1882 1929 1925 1961 20

173 1996 223 2047 εἰ
270 1994 520 2058 ἐξουσίας
567 1996 735 2064 οὔσης
782 1998 1028 2048 λοῦσθαί
1060 2014 1118 2048 τε
1156 1995 1246 2048 καὶ
1286 1995 1532 2048 δειπνεῖν
1569 1994 1659 2048 καὶ
1705 1996 1859 2063 ἥκειν

294 2131 317 2169 1
352 2126 403 2171 δὲ
429 2128 512 2170 BI
537 2126 618 2169 sed
650 2126 700 2169 in
730 2126 819 2170 hoc
850 2127 879 2170 ὃ
910 2126 959 2170 in
989 2138 1065 2169 ras
1097 2125 1166 2169 111⁵
1201 2126 1206 2184 Ι
1240 2125 1416 2170 τούτων
1448 2139 1523 2169 om
1556 2126 1607 2180 U,
1653 2124 1780 2169 inser
1802 2126 1860 2170 1³

235 2189 261 2238 5
294 2182 358 2229 ἵν’
386 2186 470 2229 ΒΙ
532 2185 614 2229 sed.
645 2185 694 2228 in
726 2185 814 2229 hoc
846 2183 871 2228 ἴ
894 2185 943 2228 in
973 2198 1048 2228 ras
1079 2184 1150 2228 m⁸
1295 2189 1319 2227 7
1350 2184 1618 2241 ἀπολαύσῃς
1648 2185 1725 2229 Β1
1777 2185 1860 2228 sed

173 2243 225 2287 in
254 2243 343 2288 hoc
374 2259 456 2301 σης
485 2244 535 2287 in
565 2258 642 2288 ras
672 2244 756 2299 m³‚
787 2244 891 2287 Mor
937 2244 1019 2288 sed
1048 2244 1099 2287 in
1128 2257 1263 2301 marg
1293 2261 1348 2300 γρ
1380 2243 1620 2300 ἀπολαύης
1652 2244 1658 2302 Ι
1695 2243 1747 2287 in
1777 2257 1859 2287 σα-

172 2310 279 2406 ῗοῗῖ
299 2317 540 2407 ΣῗΡ“ἶοὲἴ,
568 2319 627 2408 ¹3·
667 2303 1036 2419 Μιὲὃῖἳῗῇοἰ
1053 2306 1090 2360 ‘²³
1124 2319 1177 2405 {²1
1192 2303 1375 2418 ¹223&st
1406 2374 1481 2405 om
1497 2307 1859 2419 ⁹12w³2023¹513

173 2433 249 2464 ras
288 2421 345 2465 1⁸
495 2426 548 2465 11
590 2417 624 2465 ὦ
673 2436 747 2465 om
785 2379 943 2478 Morzi
990 2419 1165 2471 πόλεως
1211 2421 1376 2478 scripsi
1417 2420 1519 2464 coll.
1566 2436 1611 2477 p.
1646 2425 1747 2475 356,
1773 2426 1796 2464 1

172 2476 353 2524 πόλεων
390 2480 500 2524 libri
539 2481 631 2525 odd
672 2481 679 2539 Ι
722 2479 887 2536 ἑτέρων
920 2480 1084 2537 scripsi
1123 2479 1226 2524 coll.
1258 2480 1288 2523 l.
1321 2479 1350 2522 l.
1443 2478 1603 2535 ἑτέραν
1634 2480 1865 2525 ACPVU

173 2537 285 2582 Ferr
314 2538 382 2582 Re
431 2541 438 2596 Ι
485 2538 618 2592 τάξιν
662 2541 770 2596 post
815 2537 976 2594 ἑτέραν
1013 2541 1048 2583 Ι
1053 2539 1118 2583 8Β
1156 2539 1258 2583 Μοι·
1438 2543 1490 2583 12
1539 2537 1593 2584 δέ
1638 2552 1713 2582 om
1752 2541 1799 2584 Β

176 2599 232 2640 15
262 2597 348 2653 τὴν
377 2598 520 2656 τύχην
551 2597 620 2655 εἴη
653 2599 728 2643 ΙΒ
751 2598 853 2642 Mor
974 2603 1028 2642 16
1059 2599 1221 2655 πρώην
1252 2598 1410 2643 GUIB
1532 2602 1584 2641 17
1616 2592 1751 2655 ἦιμεν
1774 2598 1872 2653 AG,

176 2655 337 2712 ἤειμεν
368 2657 414 2701 Β
457 2659 504 2701 et
546 2671 601 2702 ex
643 2652 758 2714 ἦμεν
798 2670 900 2701 corr
930 2657 989 2701 Ι8
1139 2661 1194 2700 18
1226 2673 1276 2715 γε
1317 2658 1361 2701 V
1505 2661 1560 2700 19
1592 2658 1648 2701 οὑ
1691 2656 1857 2713 scripsi

174 2716 364 2759 auctore
387 2715 454 2760 Re
523 2716 568 2760 οἱ
596 2716 709 2760 libri
741 2716 831 2760 edd
858 2718 864 2773 Ι
892 2714 1243 2774 δυσχερέστερον
1267 2717 1356 2771 ΒΙ,
1388 2715 1470 2760 sed
1499 2715 1549 2759 in
1579 2715 1667 2759 hoc
1696 2731 1776 2773 χερ
1806 2715 1857 2759 in

171 2786 249 2817 ras
280 2773 362 2829 ιη’,
394 2791 450 2832 γρ
472 2774 575 2818 Μοι·
603 2775 654 2819 in
683 2788 818 2834 marg
937 2779 993 2818 20
1024 2793 1084 2849 γρ
1112 2774 1265 2831 ἕτερος
1286 2773 1389 2818 Mor
1417 2774 1469 2818 in
1490 2789 1624 2832 marg
1664 2776 1712 2818 et
1733 2774 1858 2818 Lam·

173 2831 297 2876 LXX
330 2835 402 2890 13)
552 2839 607 2878 21
639 2837 888 2878 λελοῦσθαι
920 2835 966 2878 Β
1007 2835 1014 2890 Ι
1054 2850 1184 2891 ηκειν
1217 2833 1382 2890 scripsi
1421 2836 1609 2878 auctore
1682 2833 1797 2878 asda

174 2888 302 2947 ἥξειν
331 2892 564 2939 AGPVU
586 2893 678 2938 edd
751 2891 906 2938 πίνειν
938 2893 1043 2937 BI⁸
1072 2893 1123 2936 in
1152 2906 1228 2936 ras
1260 2893 1308 2937 et
1336 2909 1392 2951 γρ
1422 2892 1526 2937 Mor
1554 2892 1605 2936 in
1634 2905 1768 2949 marg
