2090 3162
206 111 314 162 476
759 112 986 155 LIBANII
1019 112 1240 156 ORATIO
1269 113 1335 156 -XI

206 250 279 315 μή
328 267 408 309 τις
459 248 826 315 θρασύνοιτο,
878 248 1014 316 πρὸς
1054 245 1113 300 δὲ
1155 247 1367 301 ἐκεῖνον
1407 250 1668 318 εὔψυχος,
1715 256 1768 303 εἴ
1808 272 1892 314 τις

207 335 645 403 ἑπαναγκάζοιτο,
677 334 768 388 καὶ
801 337 926 388 οὔτε
958 344 1020 405 τῇ
1046 345 1139 403 τῆς
1171 338 1398 406 ἡσυχίας
1430 339 1602 408 ἡδονῇ
1627 347 1740 401 τοῖς
1772 339 1889 392 ἀδι-

206 432 402 476 κοῦσιν
435 429 597 476 εἴκων
629 424 756 477 οὔτε
787 431 860 496 τῷ
895 433 1117 494 κρατεῖν
1149 424 1210 478 ἐν
1240 425 1495 492 πολέμοις
1526 428 1625 494 τὴν
1655 427 1891 497 ἡσυχίαν

206 514 490 580 ἀτιμάζων,
532 512 650 566 ἀλλ’
696 514 878 582 εἰδώς,
929 519 1080 582 εἴπερ
1132 534 1214 576 τις
1264 514 1596 584 ἀνθρώπων,
1645 517 1783 568 ὅπλα
1833 536 1892 569 τε

161 623 178 653 5
205 602 443 668 ἁρπάσαι
467 603 598 667 μετὰ
622 610 721 654 τοῦ
746 610 941 671 καιροῦ
967 601 1056 654 καὶ
1080 603 1426 656 καταθέσθαι
1450 605 1630 657 πάλιν.
1686 605 1804 657 123.
1831 605 1893 668 ὃς

204 689 388 758 ἐπειδὴ
429 692 689 759 λῃστικὸν
728 689 789 743 ἐν
827 698 900 763 τῷ
936 692 1128 763 Ταύρῳ
1169 694 1513 761 συνειστήκει
1552 691 1641 745 καὶ
1673 696 1893 747 Μυσῶν

113 790 153 833 R.
176 796 257 833 311
293 781 447 831 λείαν
501 778 672 832 ἐποίει
724 779 908 843 Κίλιξι
962 781 1028 832 τὰ
1081 779 1407 851 πράγματαΙ
1451 780 1540 833 καὶ
1594 783 1725 847 μετὰ
1778 792 1892 835 τῶν

136 1067 176 1097 10

134 1511 175 1542 15

205 868 388 920 ἄλλων
434 869 804 937 προσαπώλλυ
852 870 946 930 τὰς
1000 867 1269 935 ἐπιμιξίας
1320 869 1651 938 ἀνθρώπων,
1705 869 1892 923 ἐλθὼν

203 954 282 1007 ἐπ’
317 957 519 1018 αὐτοὺς
558 955 819 1026 ὀξύτερον
854 956 1112 1020 ἐξέκοψεν
1150 958 1182 1026 ἢ
1215 959 1412 1020 Μίνως
1445 957 1502 1010 ἐκ
1533 967 1645 1011 τῶν
1671 959 1890 1011 Κυκλά-

202 1045 316 1098 δων
354 1047 483 1107 τοὺς
518 1048 723 1115 Κᾶρας,
765 1044 854 1098 καὶ
893 1054 1011 1108 ταῖς
1049 1048 1275 1099 πόλεσιν
1315 1045 1594 1100 ἀπέδωκεν
1634 1047 1892 1115 ἀλλήλαις

201 1139 440 1202 χρῆσθαι
490 1133 580 1186 καὶ
631 1135 730 1187 τὸν
780 1133 1124 1207 ἐπικείμενον
1164 1136 1344 1203 φόβον
1395 1133 1640 1202 ἐκβαλὼν
1690 1135 1890 1207 ἀνέῳξε

200 1223 293 1284 τὰς
334 1222 500 1285 ὁδοὺς
538 1232 652 1286 τοῖς
691 1221 969 1293 ἐμπόροις·
1011 1221 1136 1276 ἀνθ’
1177 1219 1256 1276 ὧν
1293 1223 1399 1276 ὑπὸ
1432 1233 1543 1277 τῶν
1575 1220 1636 1277 εὖ
1676 1226 1887 1277 παθόν-

199 1330 311 1364 των
361 1312 545 1364 ἴστατο
599 1316 834 1380 χαλκοῦς
888 1319 1096 1382 ταῦρον
1145 1312 1533 1382 κεχειρωμένος
1588 1314 1892 1381 δηλοῦντος

199 1407 297 1452 τοῦ
339 1401 478 1464 ζώου
517 1402 577 1453 τὸ
619 1399 916 1468 ὁμώνυμον
954 1402 1095 1470 ὅρος.

315 1488 434 1541 124.
459 1487 642 1558 ’Έχων
674 1490 741 1557 δὴ
774 1488 865 1542 καὶ
896 1498 1007 1543 τῶν
1038 1493 1248 1542 λοιπῶν
1286 1490 1560 1557 βασιλέων
1591 1490 1692 1543 οὐκ
1729 1490 1888 1557 ὀλίγα

199 1577 467 1645 διελθεῖν,
518 1578 744 1646 φεύγων
793 1577 927 1648 ὅπερ
977 1576 1137 1646 ἔφην,
1186 1579 1247 1630 τὸ
1297 1585 1372 1650 τῷ
1416 1581 1574 1647 μήκει
1626 1580 1887 1647 διοχλεῖν,

199 1663 376 1718 ἐκεῖνο
410 1665 566 1733 λέγω,
600 1667 682 1719 ὅτι
717 1667 896 1736 ὥσπερ
926 1667 1021 1728 τὰς
1051 1669 1422 1735 προσηγορίας
1448 1667 1715 1735 ἀλλήλων,
1741 1666 1885 1719 οὕτω

198 1752 288 1806 καὶ
341 1755 436 1816 τὰς
487 1762 599 1807 τῶν
651 1757 871 1824 τρόπων
925 1754 1116 1825 ἀρετὰς
1171 1754 1507 1821 διεδέξαντο,
1563 1756 1615 1807 οἱ
1670 1752 1771 1823 μὲν
1825 1753 1887 1807 ἐν

318 1919 343 1958 5
361 1914 474 1957 Xen.
493 1914 642 1958 Anab.
658 1914 701 1958 V
719 1919 757 1968 9,
777 1919 802 1958 8
890 1919 914 1958 6
934 1928 1003 1971 ep.
1024 1919 1123 1958 673.
1156 1914 1285 1958 Dem.
1304 1930 1347 1971 p.
1369 1919 1469 1970 248,
1484 1920 1539 1958 23
1617 1920 1642 1958 9
1661 1914 1887 1958 Thuc.14

317 2066 341 2104 6
373 2062 617 2118 λῃστρικὸν
647 2065 825 2117 πλοῖον,
857 2062 1071 2118 ληστικὸν
1103 2062 1154 2106 δὲ
1187 2062 1424 2120 σύνταγμα
1449 2062 1518 2106 Β2
1542 2064 1613 2118 (=
1634 2061 1793 2106 Thom.
1820 2062 1883 2106 M.

199 2136 230 2162 s.
257 2135 295 2163 v.
328 2135 373 2177 p.
401 2126 502 2175 224,
519 2125 559 2164 4.
624 2121 680 2165 cf.
714 2121 900 2165 Lobeck
930 2122 1099 2177 Phryn.
1132 2137 1178 2177 p.
1205 2124 1308 2178 242)

317 2272 341 2310 2
383 2267 696 2325 ἐπαναγκάζοι
728 2268 833 2312 coni
866 2267 1024 2311 Gasda
1063 2270 1110 2312 et
1142 2268 1340 2312 Cobetus
1371 2268 1540 2312 Mnem„
1565 2267 1607 2311 V
1632 2272 1716 2310 107
1749 2267 1882 2324 (Con.

199 2328 300 2383 103)
333 2326 388 2370 ef.
413 2342 458 2383 p.
488 2333 586 2382 120,
604 2331 629 2370 5
657 2330 704 2371 et
725 2329 758 2371 t.
783 2327 805 2370 Ι
828 2331 928 2381 566,
949 2333 973 2370 1
989 2328 1045 2381 R,
1078 2329 1128 2371 af,
1151 2327 1373 2372 Libanius
1404 2327 1514 2370 talis
1544 2327 1687 2370 medii
1721 2340 1882 2370 aman-

196 2385 403 2428 tissimus
447 2388 452 2444 Ι
495 2387 699 2444 ἀγαθοῖς
729 2399 871 2443 supra.
910 2387 1153 2431 ἀδικοῦσιν
1177 2387 1236 2430 1³
1371 2391 1396 2430 6
1427 2386 1668 2442 λῃστρικὸν
1693 2387 1767 2430 ΙΒ
1800 2386 1882 2430 sed

196 2444 244 2486 in
283 2444 357 2487 his
390 2462 415 2499 ρ
448 2459 631 2489 erasum
663 2448 710 2490 et
751 2445 918 2491 UMOa
1006 2446 1233 2502 ληστηκὸν
1267 2447 1351 2490 Mo
1392 2445 1472 2488 sed
1505 2462 1550 2500 ρι
1582 2458 1721 2501 supra
1751 2462 1780 2500 η
1812 2443 1884 2487 m²

197 2502 254 2546 cf.
282 2502 425 2546 Thuc.
450 2504 472 2547 I
495 2510 523 2548 4
643 2508 670 2547 8
704 2500 768 2550 ὧν
801 2505 910 2548 ante
947 2505 1254 2560 προσαπώλλυ
1294 2503 1490 2547 inseruit
1519 2504 1588 2547 Re
1637 2504 1644 2561 Ι
1693 2504 1882 2559 ἀνθρώ-

195 2577 297 2606 πων
341 2561 506 2618 scripsi
589 2564 815 2619 ἀναιροῦν
845 2563 954 2606 libri
986 2563 1079 2606 edd
1213 2568 1238 2606 9
1272 2561 1492 2619 ἐξέκοψεν
1523 2562 1687 2618 scripsi
1720 2564 1881 2606 aueto-

194 2620 324 2664 ribus
348 2621 416 2664 Re
441 2624 489 2665 et
512 2621 668 2666 Gasda
701 2622 803 2667 coll.
828 2637 873 2678 p.
893 2626 1032 2676 385,9
1050 2622 1092 2665 R
1123 2623 1171 2666 et
1194 2621 1336 2666 Thuc.
1361 2621 1390 2665 1.
1417 2621 1446 2666 1.
1472 2625 1635 2677 Κᾶρας
1667 2620 1882 2674 ἐξελάσας

255 2679 397 2736 ἔκοψε
434 2679 544 2724 libri
576 2681 666 2724 edd
811 2685 865 2724 13
897 2683 1095 2739 χαλκοῦς
1138 2681 1303 2738 scripsi
1347 2680 1613 2724 auctoribus
1646 2679 1803 2724 Gasda
1833 2681 1882 2722 et

196 2737 369 2783 Cobeto
407 2739 576 2783 Mnem.
602 2739 644 2783 V
669 2744 752 2784 107
784 2739 914 2796 (Coll.
943 2742 1044 2796 103)
1134 2743 1333 2796 χαλκοῦν
1374 2739 1484 2782 libri
1525 2739 1594 2783 Re
1683 2741 1883 2797 χαλκοῦς

194 2805 364 2852 ταῦρος
392 2798 495 2842 Mor
616 2803 670 2843 14
702 2800 839 2852 ζώιον
865 2799 904 2844 0
936 2800 943 2854 Ι
981 2798 1033 2842 τὸ
1066 2797 1090 2842 ὁ
1123 2798 1172 2841 in
1202 2798 1254 2843 τὸ
1286 2797 1530 2855 ὁμώνυμον
1562 2798 1611 2841 in
1640 2811 1717 2841 ras
1751 2803 1773 2840 1
1806 2796 1879 2840 vel

197 2860 223 2898 2
257 2855 523 2900 litterarum
546 2857 619 2902 1³²
747 2862 802 2902 15
834 2857 892 2913 δὴ
925 2870 950 2900 e
982 2856 1034 2902 δὲ
1066 2858 1235 2902 οοιτΑ
1307 2857 1358 2900 δὲ
1390 2857 1459 2900 Re
1589 2861 1642 2900 16
1673 2857 1725 2900 τὸ
1756 2856 1883 2898 inser

195 2914 303 2959 Mo²
345 2918 351 2972 1
394 2918 474 2973 οχλ
503 2916 553 2959 in
585 2918 785 2974 διοχλεῖν
817 2916 865 2960 in
896 2929 972 2959 ras
1004 2915 1062 2960 1²
