2090 3162
735 84 961 128 LIBANH
993 83 1215 129 ORATIO
1249 85 1311 128 XI
1755 87 1860 138 481

174 224 443 291 νόμησαν,
476 222 569 273 διὰ
601 217 662 272 δὲ
694 222 1014 288 φιλοτιμίαν
1044 225 1271 274 πλεῖστα
1311 221 1638 289 ἀνηλώκασι,
1680 222 1771 273 διὰ
1804 222 1865 275 δὲ

178 312 470 379 φιλεργίαν
502 310 676 362 πολλὰ
707 308 1010 377 κέκτηνται,
1041 317 1141 362 τοῦ
1173 311 1416 362 πλούτου
1448 307 1549 378 μὲν
1572 311 1668 373 τὰς
1700 309 1866 379 ἀρχὰς

180 398 489 467 ἀμέμπτους
527 395 760 466 ἔχοντες,
802 400 1135 466 λαμπρότητι
1176 394 1238 450 δὲ
1277 399 1420 467 πάσῃ
1461 400 1594 467 πρὸς
1625 400 1718 461 τὰς
1759 402 1864 450 λει-

178 489 439 554 τουργιάς
480 487 768 554 χρώμενοι,
808 488 1043 556 προνοίᾳ
1083 483 1143 538 δὲ
1182 488 1283 554 τὴν
1313 490 1509 539 πενίαν
1548 488 1863 555 φεύγοντες,

179 577 340 643 ἥδιον
371 575 472 641 μὲν
504 576 887 641 δαπανώμενοι
918 573 1043 643 περὶ
1075 576 1176 643 τὴν
1207 577 1372 628 πόλιν
1403 574 1435 643 ἢ
1475 577 1866 643 κερδαίνουσιν
1912 598 1931 629 5

179 663 370 732 ἕτεροι,
397 664 539 716 οὕτω
573 660 634 716 δὲ
666 664 804 733 πρὸς
833 664 934 731 τὴν
967 663 1219 731 δαπάνην
1250 663 1488 732 ἀφειδῶς
1521 662 1865 731 ἐξορμῶντες,

180 751 306 805 ὥστ’
354 753 457 820 ἤδη
499 754 698 820 φόβον,
746 754 816 820 μὴ
856 753 994 821 πρὸς
1032 753 1251 805 ἔνδειαν
1289 753 1661 821 ὑπενεχθῶσι,
1707 771 1865 821 παρι-

180 841 398 908 στάναι,
451 840 510 893 ἐν
559 842 931 909 πολυτρόποις
981 841 1152 892 εἴδεσι
1197 842 1292 903 τὰς
1343 841 1639 904 ἀναλώσεις
1677 843 1864 894 ποιού-

180 949 353 998 μενοι,
386 937 492 982 νῦν
524 926 625 995 μὲν
655 929 716 980 τὸ
749 933 965 996 πλῆθος
995 928 1384 998 διατρέφοντες
1416 929 1476 982 ἐν
1506 939 1624 992 ταῖς
1662 932 1866 999 χρείαις

182 1017 270 1071 καὶ
312 1018 590 1071 ἐπιδόσεσι
629 1018 723 1080 τὰς
760 1025 854 1085 τῆς
895 1026 992 1086 γῆς
1024 1016 1236 1080 ἐνδείας
1267 1018 1643 1086 ἀφανίζοντες,
1682 1019 1764 1071 ἀεὶ
1805 1017 1866 1072 δὲ
1891 1041 1932 1073 10

180 1109 280 1175 τὴν
319 1109 484 1160 πόλιν
523 1107 740 1159 ἅπασαν
781 1110 1029 1174 λουτρῶν
1067 1125 1125 1158 τε
1174 1105 1474 1159 ἀπολαύσει
1522 1107 1610 1160 καὶ
1659 1108 1866 1175 θεαμά-

178 1216 290 1249 των
325 1197 329 1263 Ι
365 1196 585 1265 χάρισιν
639 1193 983 1264 ὠφελοῦντές
1038 1214 1094 1247 τε
1155 1195 1244 1247 καὶ
1298 1203 1772 1264 ψυχαγωγοῦντες,
1805 1210 1952 1252 R-316

179 1287 259 1338 ἔτι
306 1288 498 1349 ζῶντες
545 1284 856 1351 εἰσάγοντες
903 1284 978 1346 εἰς
1016 1284 1077 1335 τὸ
1118 1288 1460 1352 λειτουργεῖν
1497 1287 1627 1347 τοὺς
1664 1287 1865 1348 παῖδας

179 1372 270 1426 καὶ
302 1375 403 1441 τὴν
435 1371 494 1425 ἐκ
526 1381 637 1425 τῶν
667 1374 855 1440 νόμων
889 1370 1135 1424 ἀτέλειαν
1166 1380 1285 1434 ταῖς
1322 1375 1749 1442 μεγαλοψυχίαις
1788 1376 1864 1436 εἰς

179 1461 332 1524 τέλος
371 1462 622 1529 ἄγοντες,
671 1462 1027 1530 φαιδρότεροι
1064 1469 1176 1512 τῶν
1216 1461 1367 1513 οὔπω
1415 1464 1865 1530 κεχορηγηκότων
1888 1484 1930 1516 15

176 1551 232 1602 οἱ
265 1551 331 1602 τὰ
362 1550 547 1602 αὑτῶν
579 1548 931 1617 ἀνηλωκότες.
998 1547 1116 1601 135.
1158 1549 1186 1602 ὃ
1227 1550 1331 1617 γὰρ
1365 1549 1604 1619 ἀλλαχοῦ
1636 1558 1710 1622 τῷ
1743 1571 1865 1620 κερ-

182 1640 393 1692 δαίνειν
425 1636 626 1706 ἕπεται,
658 1645 821 1690 τοῦτο
846 1638 976 1707 τῇδε
1007 1644 1082 1709 τῷ
1110 1638 1465 1690 δαπανᾶσθαι
1497 1638 1864 1707 συνέζευκται,

175 1727 269 1780 καὶ
308 1731 519 1796 μᾶλλον
550 1728 620 1780 ἄν
650 1747 732 1789 τις
762 1727 1078 1796 αἰσχύνοιτο
1110 1729 1367 1779 πλουτῶν
1398 1725 1458 1779 ἐκ
1495 1735 1593 1780 τοῦ
1634 1729 1864 1796 φεύγειν

179 1816 241 1868 τὸ
281 1819 625 1884 λειτουργεῖν
660 1814 693 1883 ἢ
733 1817 834 1884 τὴν
874 1815 1072 1868 οὐσίαν
1103 1813 1302 1868 ἐλάττω
1342 1823 1460 1877 ταῖς
1498 1819 1864 1886 λειτουργίαις

179 1912 371 1956 ποιῶν.
447 1904 628 1974 ὥσπερ
676 1904 778 1972 γὰρ
826 1909 979 1956 θεῶν
1016 1923 1141 1956 τινα
1179 1902 1452 1972 ἐγγυητὴν
1491 1906 1730 1973 ἔχοντες,
1779 1905 1860 1958 ὅτι
1887 1926 1929 1958 20

178 1986 260 2044 ὧν
310 1990 379 2044 ἂν
417 1995 692 2061 πρόωνται
743 1992 1003 2044 διπλάσια
1052 1992 1198 2060 παρὰ
1243 1999 1338 2060 τῆς
1385 1993 1559 2061 Τύχης
1597 1992 1862 2061 ἀφίξεται,

178 2080 356 2143 οὕτως
394 2080 763 2149 ἐκκεχυμένως
801 2079 1196 2134 ἀναλίσκουσιν
1235 2081 1312 2142 εἰς
1351 2079 1566 2148 ἀγῶνας
1607 2082 1862 2144 ἱππικούς

302 2274 324 2313 7
358 2270 487 2314 Dem.
522 2284 558 2314 ο.
592 2270 810 2314 Axistocr.
846 2275 870 2324 ἓ
907 2273 988 2313 103
1020 2285 1063 2326 p,
1091 2273 1190 2322 654,
1209 2274 1263 2313 25

301 2452 326 2490 2
359 2449 467 2491 ante
498 2446 643 2492 πολλὰ
675 2459 837 2491 rasura
869 2451 894 2489 2
927 2445 1190 2490 litterarum
1221 2448 1268 2500 I,
1310 2446 1365 2491 οὐ
1398 2445 1679 2492 BMM0¹Ga
1702 2446 1804 2490 Mor

185 2510 209 2549 7
240 2505 523 2562 παριστάναι
554 2519 694 2563 supra.
724 2505 1021 2561 περιεστάναι
1051 2505 1109 2548 1²
1183 2504 1478 2561 περιεστάναι
1508 2507 1558 2549 in
1589 2519 1722 2564 marg
1755 2505 1862 2551 Mo²

241 2580 276 2609 π
380 2564 546 2610 στάναι
576 2579 682 2609 oum
712 2578 873 2609 rasura
898 2569 923 2607 3
947 2563 1211 2608 litterarum
1241 2565 1286 2609 U
1403 2569 1455 2608 11
1481 2565 1762 2610 ἀπολαύσεσι
1796 2566 1865 2610 Ul

179 2623 282 2681 (sed
313 2623 362 2667 in
385 2623 472 2668 hoc
496 2625 749 2669 ἀπολαύσει
782 2637 1008 2681 suprascr.
1026 2623 1112 2681 111²)
1136 2623 1203 2667 Re
1235 2626 1283 2668 et
1314 2637 1453 2680 supra
1476 2624 1727 2668 ἀπολαύσει
1755 2623 1862 2669 Mo²

245 2686 298 2726 13
330 2683 410 2727 καὶ
441 2682 506 2728 ἔτι
528 2685 558 2727 Ι
582 2684 588 2742 Ι
617 2682 877 2741 εἰσάγοντες
900 2683 946 2726 Ρ
973 2683 1052 2726 sed
1084 2699 1109 2726 τ
1140 2683 1188 2726 in
1219 2695 1294 2726 ras
1319 2683 1401 2738 αι’,
1433 2698 1481 2734 ες
1510 2682 1559 2726 in
1589 2697 1665 2727 ras
1690 2682 1771 2736 m²‚
1805 2696 1863 2726 ex

181 2758 372 2828 εἰσάγοιτι
404 2785 506 2815 corr
526 2771 595 2815 A’
665 2771 929 2830 εἰσάγονται
955 2772 994 2816 G
1020 2771 1102 2816 sed
1132 2787 1179 2821 ες
1209 2783 1350 2827 supra
1380 2787 1430 2814 αι
1462 2785 1546 2815 scr.
1577 2785 1601 2816 8
1625 2771 1633 2829 Ι
1660 2770 1742 2821 τὰς
1771 2773 1862 2815 λει·

176 2827 406 2935 τῦυργίοὲῧ
422 2830 554 2934 Βθῖόν
592 2835 667 2934 ἐξ
690 2829 702 2846 ³
735 2832 784 2875 in
809 2831 962 2875 αὐτῶν
985 2831 1035 2874 in
1056 2842 1132 2887 ras
1156 2829 1228 2875 P²
1289 2830 1442 2875 αὐτῶν
1466 2830 1642 2876 ΒΜΟα
1703 2837 1860 2874 αυτῶν

271 2971 469 3004 Lamnus
494 2971 551 3004 ed.
575 2970 812 3005 Foeruter.
850 2971 940 3003 1.11.
1537 2966 1591 3005 31
