2090 3162
241 145 348 197 382
772 142 997 185 LIBANII
1029 140 1251 185 ORATIO
1285 142 1390 186 VIII

355 288 455 332 127
521 284 752 348 ἔκφρασις
791 282 931 347 ἔαρος
971 290 1288 347 συγγραφικῶ
1329 291 1591 349 χαρακτῆρι

352 361 453 406 128
501 357 719 422 Μάρκου
756 357 962 404 Τυλλίου
995 355 1274 422 Κικέρωνος
1305 357 1523 421 ῥωμαίου
1556 358 1780 424 διάλογος
1810 359 1920 426 περὶ

237 433 417 498 γήρως·
470 431 629 479 κάτων
676 428 708 495 ἢ
756 429 864 495 περὶ
914 429 1096 495 γήρωςε
1147 428 1376 495 ἑρμηνεία
1420 431 1699 498 Θεοδώρουτ
1754 433 1919 483 ἐννίου

238 507 327 554 στίΑ
343 525 388 554 οι

315 527 433 628 kfol.
479 581 579 627 143
596 574 636 645 ¹)
683 581 775 626 inc.
817 595 947 626 nova
993 594 1188 626 manus:
1235 578 1418 637 εἰκόνες
1464 586 1549 627 τοῦ
1598 581 1920 646 φιλοστράτου

240 671 348 702 cum
401 654 596 701 scholiis
645 653 821 714 quibus
872 668 1048 700 manus
1099 655 1341 700 recentior
1380 653 1663 716 adscripsit:
1717 657 1920 720 Μοσχο-

239 728 392 777 πόλου
432 734 581 775 ταῦτα
613 721 737 775 εἶναι
768 725 1114 790 ὑπολαμβάνω.
1177 727 1289 775 Des.
1322 728 1404 774 fol.
1435 729 1537 775 163
1571 744 1687 776 voce
1719 733 1924 794 πιμελῆς

238 804 269 849 i.
305 819 342 850 e.
383 802 561 849 ultima
600 801 715 848 libri
754 801 789 847 I.
804 794 844 866 2)

355 877 456 923 163
511 874 703 922 παύλου
754 874 1087 939 σιλεντιαρίου.
1164 874 1234 933 εἰς
1283 874 1341 922 τὰ
1389 873 1442 923 ἐν
1491 876 1696 934 πυθίοις
1748 875 1922 943 θερμὰ.

239 946 482 1013 ἡμιάμβια
523 949 736 1013 δίμετρα,
773 948 1050 1012 καταληπτά
1087 964 1198 996 cum
1237 949 1432 997 scholiis
1474 952 1522 997 et
1562 951 1736 1014 glossis
1774 951 1922 999 inter-

241 1024 521 1071 linearibus.
599 1023 712 1070 Des,
753 1023 836 1070 fol.
882 1023 1022 1069 164&

356 1096 581 1145 Codicem
637 1112 765 1143 anno
824 1097 925 1143 187
934 1098 963 1144 5
1014 1097 1288 1144 examinavi
1345 1100 1393 1144 et
1447 1098 1505 1144 de
1554 1115 1609 1146 eo
1663 1100 1714 1145 in
1761 1100 1924 1146 annal.

242 1173 538 1219 Fleckeisen.
580 1172 612 1217 1.
645 1172 674 1217 l.
716 1171 901 1218 rettuli.

355 1247 439 1293 40.
495 1245 940 1292 Escurialensis
982 1245 1226 1293 T-—H—9
1278 1260 1400 1293 saec.
1441 1245 1558 1292 XVI
1605 1262 1660 1294 ex
1712 1247 1923 1294 editione

243 1320 545 1368 Ferrariensi
586 1319 871 1380 descriptus.
949 1319 1075 1366 Vide
1116 1334 1266 1380 supra
1303 1337 1349 1381 p.
1386 1320 1467 1367 67.

358 1396 442 1440 41.
475 1393 726 1440 Antonii
758 1393 1089 1456 Augustini
1121 1393 1269 1440 codex
1295 1393 1587 1455 deperditus.
1628 1394 1754 1442 Vide
1778 1409 1928 1456 supra

242 1484 289 1530 p.
327 1469 429 1515 347
451 1482 518 1527 sq.

366 1615 571 1678 Signum
623 1630 718 1676 quo
768 1617 1027 1676 utramque
1081 1616 1131 1661 in
1182 1615 1273 1662 hac
1325 1615 1635 1663 oratiuncula
1686 1615 1928 1663 familiam

247 1689 506 1752 dignoscas
546 1690 726 1736 lacuna
765 1690 839 1736 est
876 1690 929 1735 in
966 1689 1278 1752 paragrapho
1311 1687 1342 1750 ξ
1371 1691 1399 1737 9
1434 1707 1479 1752 p.
1515 1691 1635 1750 388,
1655 1690 1699 1736 5.
1762 1689 1927 1736 Verba

246 1764 376 1810 enim
425 1763 687 1810 manifesto
738 1763 953 1825 genuina
999 1760 1080 1810 καὶ
1125 1767 1302 1826 κοσμεῖ
1331 1761 1388 1810 τὰ
1427 1762 1616 1828 ῥήματα
1654 1769 1804 1811 ταῦτα
1843 1762 1928 1812 τὸν

242 1830 560 1901 Ἀλέξανδρον
607 1837 783 1884 desunt
828 1837 879 1883 in
926 1837 1173 1884 codicibus
1216 1836 1454 1893 CAPUI,
1509 1839 1703 1885 exstant
1754 1839 1807 1884 in
1845 1837 1928 1886 La

247 1912 336 1958 Mo
360 1911 410 1957 B
442 1913 491 1958 et
523 1911 827 1958 scholasticis
862 1904 930 1977 (s)
963 1911 1036 1958 ita
1069 1911 1269 1972 quidem
1299 1914 1356 1958 ut
1386 1912 1437 1957 in
1462 1912 1551 1958 Mo
1583 1911 1700 1959 ordo
1732 1913 1928 1959 tantum

247 1985 507 2046 paululum
552 1986 774 2032 mutatus
826 1984 891 2032 sit
942 1985 994 2031 in
1047 1985 1176 2032 hunc
1225 1985 1445 2033 modum:
1499 1983 1584 2034 τὸν
1634 1982 1929 2050 ἀλέξανδρον

247 2063 398 2106 ταῦτα
436 2056 493 2105 τὰ
532 2057 735 2123 ῥήματα.
813 2058 997 2106 Contra
1033 2074 1132 2106 non
1177 2059 1383 2106 titulum
1422 2059 1566 2107 modo
1606 2056 1715 2123 περὶ
1754 2058 1929 2122 φίλων,

247 2131 331 2180 sed
371 2133 521 2180 etiam
560 2133 742 2180 multas
774 2132 1007 2180 lectiones
1041 2125 1125 2198 (cf.
1157 2149 1204 2194 p.
1231 2133 1352 2193 386,
1373 2134 1438 2180 13
1458 2149 1526 2195 sq.
1561 2135 1610 2180 et
1643 2133 1811 2193 389‚8
1831 2126 1927 2198 sq.)

245 2208 438 2254 tantum
466 2206 679 2254 auctoris
712 2206 966 2268 archetypi
990 2206 1213 2254 codicum
1244 2206 1645 2254 scholasticorum
1669 2208 1929 2254 conamina

246 2278 448 2327 reddere
499 2295 585 2327 suo
623 2279 782 2327 Marte
834 2280 1108 2343 corrigendi
1147 2281 1415 2342 scripturas
1454 2282 1680 2341 corrupte
1718 2279 1928 2328 traditas

250 2353 540 2401 documento
574 2355 648 2401 est
671 2352 892 2401 codicum
915 2354 998 2401 La
1013 2355 1101 2401 Mo
1125 2355 1178 2401 in
1200 2354 1277 2401 his
1303 2369 1413 2401 cum
1436 2354 1684 2402 codicibus
1712 2352 1937 2402 CAPUI

249 2442 524 2475 consensus.
585 2427 758 2476 Uvero
782 2430 831 2475 et
854 2427 893 2474 I
910 2444 934 2474 e
959 2427 1124 2475 codice
1147 2428 1329 2475 mixtae
1353 2427 1648 2475 recensionis
1671 2427 1927 2474 fluxerunt.

250 2500 539 2548 Memoriam
576 2501 795 2548 familiae
828 2501 1066 2548 secundae
1098 2517 1284 2548 meram
1313 2503 1684 2563 repraesentant
1713 2501 1928 2548 Lauren-

250 2574 417 2621 tianus
440 2573 580 2621 LVII
605 2576 690 2635 44,
721 2575 1042 2635 Monacensis,
1074 2574 1386 2636 Barberinus,
1425 2574 1487 2621 ad
1527 2590 1672 2636 quem
1709 2574 1928 2636 proxime

252 2647 492 2695 accedunt
545 2647 837 2696 scholastici.
925 2648 999 2695 Ex
1051 2647 1127 2696 his
1183 2648 1366 2696 sufficit
1419 2649 1644 2696 attulisse
1697 2648 1929 2696 lectiones

251 2723 399 2769 unius
461 2721 640 2770 codicis
693 2721 926 2769 Vaticani
991 2723 1092 2770 113
1157 2725 1206 2770 et
1266 2737 1418 2769 manu
1477 2722 1628 2769 tertia
1688 2723 1929 2770 correctas

373 2893 417 2950 1)
446 2891 630 2936 Folium
664 2897 746 2935 142
779 2905 974 2936 vacuum
1006 2892 1077 2935 est
1106 2867 1333 2936 relictum.

374 2953 418 3008 2)
450 2949 515 2995 Cf.
550 2950 648 2995 cod.
680 2949 1032 2995 Wolfenbuttel.
1066 2955 1148 2995 511
1182 2950 1260 2995 fol.
1295 2955 1379 2994 363
1398 2965 1463 3006 sq.
1504 2953 1661 3008 (supra
1690 2965 1735 3006 p.
1770 2954 1825 2994 64
1843 2952 1929 3007 sq.)
