2090 3162
755 105 982 149 LIBANII
1014 105 1235 151 ORATIO
1269 107 1330 150 XI
1772 111 1880 163 449

202 246 384 295 τελεῖν
436 242 497 294 τὸ
553 240 776 308 βλέπειν
830 239 1030 304 ἐξεῖναι
1083 243 1219 311 πρὸς
1271 252 1416 297 νῶτα
1468 247 1748 314 θαλάσσης
1795 249 1878 299 καὶ

205 329 513 399 φερομένας
565 329 799 391 ὁλκάδας
847 328 938 382 καὶ
989 331 1370 397 κελευσμάτων
1428 332 1667 403 ἀκούειν,
1721 343 1881 388 τοῦτο

203 420 271 472 οὐ
323 420 547 480 πλείους
598 418 950 488 εὐφροσύνας
990 418 1021 486 ἢ
1062 420 1376 488 δυσθυμίας
1424 421 1699 490 προξενεῖ,
1750 424 1882 477 ὅταν

203 507 571 573 ἐλαυνόμενον
617 507 724 560 ὑπὸ
772 516 883 560 τῶν
928 508 1183 576 κυμάτων
1232 510 1292 561 τὸ
1347 511 1658 563 κλυδώνιον
1691 511 1698 579 l
1733 510 1794 565 ἐν
1824 525 1969 568 R286

202 596 517 664 ὀφθαλμοῖς
548 592 648 662 μὲν
678 605 790 648 τῶν
823 597 944 665 ἄρτι
975 596 1323 665 τερπομένων
1355 600 1582 671 βαπτίζῃ
1608 601 1672 651 τὰ
1699 604 1880 666 πλοῖα,
1928 623 1947 655 ⁵

201 684 509 754 μεταβάλλῃ
543 684 604 737 δὲ
635 693 749 747 τοῖς
780 685 1006 747 ναύταις
1038 687 1116 747 εἰς
1154 687 1390 754 οἰμωγὰς
1427 688 1493 738 τὰ
1531 689 1881 756 κελεύσματα,

199 779 299 825 τοῦ
324 769 385 825 δὲ
409 774 580 840 λόγου
612 780 706 840 τῆς
738 775 1005 841 ναυαγίας
1036 776 1237 842 μεστὴν
1270 773 1550 845 ἀποφαίνῃ
1582 777 1682 844 τὴν
1705 777 1880 829 πόλιν.

200 861 288 914 38.
327 861 388 913 τὸ
429 858 489 914 δὲ
528 860 787 929 μέγιστον
827 863 903 924 εἰς
944 865 1152 930 ζημίαν,
1192 864 1355 915 πόλιν
1393 864 1496 931 γὰρ
1537 862 1881 918 ἐπιθαλαττί-

202 951 328 1002 διον
378 959 638 1019 ναυτικῆς
689 951 1071 1019 ἀπειροκαλίας
1121 951 1327 1018 ἀνάγκη
1381 950 1566 1019 γέμειν
1615 955 1881 1020 θορύβων

200 1058 258 1090 τε
291 1038 674 1108 ἀνελευθέρων
706 1038 796 1092 καὶ
828 1048 1034 1108 φωνῶν
1064 1042 1397 1108 βωμολόχων
1427 1041 1516 1092 καὶ
1555 1050 1666 1092 τῶν
1698 1042 1879 1094 ἄλλων
1905 1063 1945 1095 ιο

201 1126 235 1179 ἃ
289 1129 655 1196 λυμαίνεσθαι
709 1125 800 1180 καὶ
856 1128 1208 1196 διαφθείρειν
1256 1129 1369 1196 ἤθη
1420 1130 1634 1181 πόλεων
1685 1130 1880 1197 ἰσχύει·

200 1217 330 1278 τοὺς
381 1212 483 1284 μὲν
523 1216 625 1285 γὰρ
666 1216 873 1279 ἔξωθεν
911 1215 1313 1278 καταπλέοντας
1364 1214 1594 1282 δέξεται,
1644 1219 1770 1279 τοὺς
1821 1218 1879 1269 δὲ

201 1305 337 1372 αὐτὴ
376 1303 642 1366 πλέοντας
679 1302 977 1372 παρέξεται.
1050 1306 1234 1356 ἔπειτα
1271 1304 1303 1371 ἡ
1343 1311 1443 1356 τοῦ
1482 1304 1683 1373 μέρους
1720 1308 1881 1357 κακία

202 1393 295 1444 διὰ
341 1393 544 1454 παντὸς
590 1387 729 1459 ἦλθε
767 1400 864 1444 τοῦ
905 1393 1278 1461 πληρώματος.
1357 1391 1440 1444 39.
1490 1391 1606 1445 ἀλλ’
1651 1393 1781 1461 ἡμῖν
1819 1412 1880 1460 γε

201 1481 234 1548 ἡ
288 1480 445 1543 θέσις
497 1490 608 1533 τῶν
663 1480 767 1533 ἀπὸ
823 1489 917 1548 τῆς
969 1481 1244 1548 θαλάττης
1298 1480 1529 1548 ἀγαθῶν
1580 1480 1880 1534 ἀπολαύειν
1904 1504 1945 1536 15

202 1567 516 1637 παρέχουσα
554 1579 665 1621 τῶν
706 1567 923 1622 ἐκεῖθεν
953 1578 1137 1621 κακῶν
1174 1570 1510 1637 καθαρεύειν
1541 1570 1752 1636 δίδωσι,
1791 1571 1878 1622 καὶ

195 1658 332 1723 μετὰ
370 1654 471 1725 μὲν
508 1666 620 1710 τῶν
659 1657 719 1710 ἐν
757 1659 1015 1727 μεσογείᾳ
1052 1665 1146 1726 τῆς
1184 1658 1357 1726 λύμης
1388 1656 1486 1720 ἔξω
1518 1657 1879 1726 καθέσταμεν,

201 1746 336 1814 μετὰ
375 1742 435 1798 δὲ
481 1754 592 1798 τῶν
631 1744 718 1798 ἐπὶ
765 1746 1010 1815 θαλάττῃ
1049 1747 1411 1815 καρπούμεθα
1447 1746 1548 1814 τὴν
1584 1747 1879 1799 θάλατταν.

199 1833 288 1886 40.
312 1832 402 1886 καὶ
429 1833 766 1903 διαφέρομεν
788 1843 899 1887 τῶν
919 1831 1021 1902 μὲν
1043 1842 1108 1903 τῇ
1132 1842 1243 1886 τῶν
1266 1833 1589 1902 ἐπιτηδείων
1612 1833 1880 1904 ἀφθονίᾳ,

321 1998 343 2036 1
378 1993 428 2036 Π.
461 1995 491 2052 β
523 1998 606 2037 159
639 1995 725 2037 etc.

320 2145 346 2184 8
379 2141 525 2215 <Ο>ὐ
557 2139 702 2198 μόνον
735 2139 1066 2186 ἐπιθαλάττιον
1117 2139 1191 2183 ἐπὶ
1221 2138 1478 2183 θαλάττιον
1502 2139 1621 2195 cod.)
1653 2138 1766 2183 ἀλλὰ
1799 2139 1873 2182 καὶ

199 2199 585 2245 ἐπιθαλαττίδιον
602 2200 696 2257 (ἐπὶ
711 2196 1017 2243 θαλαττίδιον
1034 2212 1086 2243 co
1125 2201 1165 2255 )‚
1184 2198 1246 2250 ὡς
1261 2197 1471 2243 ἐνταῦθα
1485 2198 1553 2242 B’
1568 2202 1612 2255 (Θ
1624 2197 1783 2241 Thom.
1799 2198 1876 2253 Μ.)

320 2339 348 2376 4
379 2331 686 2389 ἐλαυνόμενον
718 2359 775 2365 -
807 2337 833 2375 5
865 2334 1003 2375 πλοῖα
1036 2330 1153 2375 cibat
1182 2330 1298 2374 Plan
1330 2329 1407 2373 fol.
1437 2334 1519 2373 103
1662 2335 1689 2374 4
1721 2329 1876 2388 χειμά-

198 2409 292 2436 των
323 2392 484 2436 Iacobs
515 2392 628 2436 Ach.
654 2391 704 2435 T.
732 2396 815 2435 619
860 2393 907 2435 et
948 2390 997 2434 in
1038 2402 1172 2447 marg
1209 2402 1338 2433 exem
1373 2388 1424 2442 1.,
1468 2388 1665 2433 fortasse
1695 2390 1819 2433 recte

204 2456 231 2494 4
264 2452 313 2496 ἐν
336 2478 395 2483 -
419 2457 445 2495 5
476 2450 770 2507 τερπομένων
802 2465 877 2494 om
907 2449 1025 2492 Plan
1155 2454 1181 2492 5
1214 2450 1419 2520 βαπτιζει
1450 2447 1567 2491 Plan
1687 2452 1712 2491 6
1743 2463 1877 2504 μετα-

201 2509 362 2569 βάλλοι
394 2510 460 2555 Ca
581 2515 604 2554 '7
637 2509 775 2567 λόγου
807 2510 851 2554 A
891 2509 972 2552 sed
1002 2505 1082 2565 λόγ
1113 2507 1162 2551 in
1199 2520 1274 2550 ras
1342 2504 1454 2564 γόου
1493 2506 1537 2551 U
1574 2509 1580 2562 Ι
1621 2504 1876 2563 ἀποφαίνει

202 2570 347 2615 IBCa
476 2573 503 2613 8
533 2567 669 2614 πόλιν
699 2595 757 2602 -
789 2573 814 2612 9
846 2566 1001 2626 γέμειν
1032 2566 1149 2611 citat
1178 2565 1338 2609 Thom.
1364 2565 1424 2608 M.
1458 2580 1502 2622 p.
1530 2569 1627 2620 161,
1653 2570 1679 2609 6
1703 2565 1743 2608 R
1774 2579 1808 2607 s,
1835 2579 1875 2607 v.

203 2625 604 2673 ἐπιθαλαττίδιον·
629 2585 873 2696 Λιβάνιοςγ
885 2626 934 2671 ἐν
964 2629 1027 2686 τῷ
1049 2622 1324 2684 Ἀντιοχικῷ·
1356 2623 1492 2668 πόλιν
1515 2626 1607 2668 κτλ.
1727 2628 1754 2667 8
1778 2622 1877 2667 ἐπι-

195 2686 457 2733 θαλάττιον
484 2686 684 2733 UIsed
670 2701 721 2730 ln
743 2687 832 2731 hoe
857 2672 1236 2730 ἐπιθαλαττίδιον
1253 2696 1477 2739 suprascr.
1495 2681 1565 2727 m¹
1649 2686 1702 2726 13
1718 2679 1874 2726 πλέον·

196 2763 285 2798 τας
316 2745 431 2803 αὐτὴ
457 2745 541 2791 Mo
662 2750 718 2790 14
742 2743 924 2790 ἀλλ’-
956 2747 1056 2798 450
1075 2749 1100 2787 5
1132 2742 1376 2799 ἡττώμεθα
1408 2741 1525 2786 citat
1546 2740 1662 2785 Plan
1692 2739 1772 2784 fol.
1793 2744 1874 2784 103

265 2810 318 2849 15
349 2762 590 2862 θαλάσσης
613 2805 652 2850 0
680 2805 687 2863 Ι
721 2804 946 2849 ἀπολαύει
979 2805 1062 2847 Mo
1195 2805 1247 2846 17
1279 2801 1361 2858 μὲν
1393 2813 1469 2844 om
1493 2801 1577 2845 Μο
1611 2804 1617 2856 Ι
1651 2798 1876 2854 καθεστή-

198 2923 348 2965 καμεν
380 2907 643 2953 BMMoC'a
663 2906 782 2951 Plan
929 2910 983 2950 18
1016 2860 1092 2951 ἐπὶ
1122 2905 1157 2948 Ι
1294 2907 1348 2947 19
1378 2909 1470 2948 τῶν
1501 2902 1583 2960 μὲν
1613 2901 1738 2946 inser
1770 2900 1876 2947 Mo'

291 2990 488 3022 numerus
514 2990 573 3023 ed.
595 2989 832 3022 Fon-ster.
870 2989 960 3021 Ln
1554 2979 1611 3019 29
