2090 3162
718 119 942 162 LIBANH
975 118 1200 163 ORATIO
1235 120 1298 163 XI
1741 124 1850 175 463

165 274 335 323 μαχος
374 252 561 306 ἐλθὼν
592 255 690 307 τὸν
720 251 822 321 μὲν
852 254 1075 323 Εὐμενῆ
1117 261 1463 323 συγκαθεῖλε,
1503 258 1749 326 πονηρὸν
1788 256 1848 310 δὲ

162 345 267 411 ἄρα
306 343 405 395 τὸν
434 341 751 410 Ἀντίγονον
790 338 851 395 εὖ
892 353 1070 396 ποιῶν
1109 344 1211 396 οὐκ
1250 343 1393 415 ᾔδει·
1442 346 1501 407 ὃς
1540 344 1727 414 ἐπειδὴ
1767 348 1839 398 δι’

164 431 380 485 ἐκείνου
442 431 608 499 μέγας
669 430 934 499 ἐγεγόνει,
997 435 1222 501 φθόνον
1276 434 1353 495 εἰς
1406 434 1502 485 τὸν
1557 434 1847 502 εὐεργέτην

161 521 347 587 λαβὼν
380 519 637 586 ἐβούλευε
675 520 939 573 θάνατον.
1002 520 1267 574 ἐντεῦθεν
1299 523 1366 589 δὴ
1399 528 1550 575 θεῶν
1580 542 1661 585 τις
1692 531 1847 591 χεῖρα

162 607 478 677 ὑπερέσχεν,
541 610 720 678 ὥσπερ
784 608 844 662 ἐν
899 610 1152 677 δράματι·
1214 609 1319 662 ἀπὸ
1376 612 1477 678 γὰρ
1532 619 1626 680 τῆς
1680 611 1845 678 αὐτῆς
1892 633 1913 664 5

162 699 337 760 οἰκίας
377 698 405 749 ὅ
446 717 503 749 τε
541 699 714 766 φόνος
756 698 901 769 αὐτῷ
942 699 1336 751 κατεσκεύαστο
1382 700 1471 751 καὶ
1511 700 1570 751 τὸ
1610 707 1704 766 τῆς
1743 714 1845 751 σω-

159 788 348 854 τηρίας
387 786 685 853 εὑρίσκετο.
749 787 831 838 81.
872 794 971 839 τοῦ
1011 784 1111 855 μὲν
1151 789 1253 855 γὰρ
1299 786 1518 855 Θησέως
1555 789 1655 855 τὴν
1694 788 1844 855 ὥραν

154 873 415 943 Ἀριάδνη
454 875 789 943 θαυμάσασα
827 883 891 945 τῇ
931 877 1184 947 μηρίνθῳ
1225 883 1324 928 τοῦ
1364 878 1713 943 λαβυρίνθου
1744 878 1843 929 τὸν

158 965 450 1016 νεανίσκον
501 962 751 1031 ἐξέσωσε,
792 964 1072 1016 Σελεύκου
1125 961 1186 1016 δὲ
1235 965 1336 1032 τὴν
1386 964 1585 1032 ἀρετὴν
1635 963 1663 1016 ὁ
1714 974 1841 1026 παῖς

153 1050 474 1119 Ἀντιγόνου
514 1054 829 1121 Δημήτριος
877 1051 1139 1119 ἀγασθεὶς
1186 1053 1463 1122 γράμμασι
1509 1053 1704 1120 μηνύει
1742 1053 1840 1105 τὸν
1866 1075 1909 1106 ιο

157 1138 239 1193 ἐπ’
279 1139 470 1211 ἐκείνῳ
507 1148 606 1193 τοῦ
639 1141 842 1210 πατρὸς
882 1141 1066 1208 δόλον,
1107 1141 1139 1193 ἃ
1179 1147 1251 1212 τῷ
1286 1142 1514 1210 στύρακι
1546 1148 1644 1193 τοῦ
1677 1142 1839 1210 δορὸς

158 1229 236 1291 εἰς
274 1230 375 1296 τὴν
413 1230 572 1282 κόνιν
611 1227 876 1298 ἐνέγραψε
907 1235 980 1301 τῷ
1014 1229 1116 1297 μὲν
1148 1230 1332 1297 δηλῶν
1361 1230 1422 1281 τὸ
1454 1228 1672 1298 μέλλον,
1710 1230 1840 1292 τοὺς

157 1314 218 1369 δὲ
271 1319 548 1387 παρόντας
598 1318 910 1370 λανθάνων.
989 1318 1073 1369 82.
1121 1316 1385 1370 ἐντεῦθεν
1431 1318 1496 1370 τὰ
1541 1318 1837 1385 Εὐαγόρου

157 1405 433 1468 Σέλευκος
493 1405 728 1475 ὑπέμενε
789 1404 878 1458 καὶ
940 1407 1138 1475 μικρὸν
1190 1405 1423 1474 ὕστερον
1479 1410 1679 1474 ἴσχυσε.
1768 1412 1843 1478 τῷ

157 1502 330 1566 καιρῷ
382 1491 485 1560 μὲν
538 1496 641 1564 γὰρ
695 1494 1056 1563 ὑποχωρήσας
1110 1495 1186 1556 εἰς
1234 1499 1520 1561 Αἴγυπτον
1570 1493 1836 1547 ἀπαλλάτ-
1862 1514 1904 1547 15

155 1602 320 1650 τεται,
356 1583 362 1651 Ι
397 1584 791 1651 βεβαιούμενος
816 1584 876 1636 δὲ
902 1582 1099 1635 αὐτόθι
1127 1584 1450 1654 Πτολεμαίῳ
1474 1584 1575 1651 τὴν
1597 1585 1749 1649 βασι·
1779 1594 1820 1637 R
1841 1599 1925 1638 299

155 1673 328 1739 λείαν,
369 1671 436 1724 οὐ
475 1676 692 1740 πλῆθος
731 1679 986 1741 στρατιᾶς
1015 1673 1399 1741 παρεχόμενος,
1439 1669 1554 1723 ἀλλ’
1592 1671 1654 1723 ἓν
1685 1680 1835 1737 σῶμα

157 1760 219 1812 τὸ
251 1759 423 1812 αὑτοῦ
455 1760 546 1812 καὶ
578 1761 762 1829 ψυχὴν
792 1762 943 1829 μίαν,
982 1758 1169 1828 ἐπειδὴ
1201 1768 1317 1821 τοῖς
1347 1759 1560 1812 ἐκείνου
1590 1758 1835 1828 πράγμα-

154 1861 247 1900 σιν
284 1846 592 1915 ἀσφάλειαν
625 1847 973 1918 περιέθηκεν,
1014 1847 1349 1901 ἐπεσπάσατο
1382 1851 1730 1914 Πτολεμαῖον
1759 1847 1836 1908 εἰς

151 1936 213 1988 τὸ
251 1935 511 2004 κατάγειν
549 1936 720 1989 αὐτὸν
756 1935 846 1989 καὶ
886 1936 1073 2005 λαβὼν
1112 1934 1305 1998 ἱππέας
1342 1933 1432 1988 καὶ
1470 1935 1687 2002 πεζούς,
1734 1933 1831 2002 ἀμ-
1856 1956 1902 1988 20

154 2023 426 2092 φοτέρους
465 2025 541 2086 εἰς
580 2026 808 2093 χιλίους,
847 2023 1038 2088 ἐξέωσε
1077 2020 1179 2093 μὲν
1209 2031 1302 2092 τῆς
1334 2025 1669 2090 Βαβυλῶνος
1705 2024 1834 2085 τοὺς

154 2112 416 2181 ἐχθρούς,
471 2111 759 2180 ἐκομίσατο
815 2110 876 2166 δὲ
933 2114 1033 2181 τὴν
1087 2112 1261 2182 ἀρχὴν
1313 2110 1402 2164 καὶ
1456 2118 1691 2179 γυναῖκα
1743 2110 1833 2163 καὶ

152 2201 352 2264 παῖδας
390 2199 481 2254 καὶ
520 2202 622 2270 τὴν
659 2201 893 2271 ἀρχαίαν
930 2202 1292 2270 λαμπρότητα.
1369 2199 1453 2251 83.
1495 2198 1833 2268 ἡγησάμενος

153 2286 214 2342 δὲ
252 2291 319 2342 τὰ
355 2289 458 2356 μὲν
496 2290 667 2343 αὑτοῦ
696 2291 806 2353 ,διὰ
850 2290 1064 2343 τούτων
1103 2287 1486 2357 ἀπειληφέναι,
1532 2289 1633 2356 τὴν
1671 2287 1834 2355 δίκην

273 2410 326 2449 13
358 2405 494 2450 Isocr.
528 2405 674 2463 Euag.
708 2410 733 2459 ξ
759 2410 814 2449 26
832 2420 899 2461 sq.

271 2514 294 2552 1
329 2510 514 2565 εὐμενῆι
548 2509 586 2554 C
713 2513 740 2551 4
772 2507 982 2553 ἐνταῦθα
1012 2508 1047 2551 Ι
1073 2507 1155 2551 sed
1192 2513 1279 2551 ταῦ
1319 2506 1368 2549 in
1399 2519 1475 2549 ras
1505 2504 1575 2549 m'
1623 2507 1630 2561 1
1679 2504 1730 2550 δὲ
1762 2504 1830 2548 Re

213 2572 238 2612 5
270 2566 469 2626 ὑπέσχεν
502 2569 567 2613 Ga
703 2572 728 2611 6
761 2566 908 2624 φόνος
947 2566 1111 2640 scripsi
1151 2568 1338 2610 auctore
1370 2563 1543 2608 Cobeto
1574 2563 1743 2608 Mnem.
1767 2562 1831 2606 111

152 2631 237 2671 246
299 2625 485 2684 φθόνος
513 2626 624 2670 libri
647 2626 739 2670 edd
859 2630 884 2669 9
910 2642 1103 2670 νεανιαν
1126 2625 1201 2670 UI
1220 2627 1227 2682 Ι
1255 2622 1413 2677 ἐξέωσε
1438 2620 1830 2668 AGPBMMoGa

150 2686 254 2730 Mor
366 2689 422 2729 10
445 2686 672 2743 ἀγασθεὶς
702 2687 738 2730 Ι
760 2685 841 2730 sed
872 2686 932 2742 ἀγ
955 2684 1004 2728 in
1035 2697 1110 2728 ran
1139 2683 1209 2727 m’
1284 2682 1447 2733 ασθεὶς
1477 2682 1521 2727 U
1547 2681 1627 2725 sed
1659 2682 1767 2724 ante
1797 2696 1828 2723 α

149 2757 313 2790 rasura
337 2749 363 2788 2
387 2744 461 2788 vol
485 2749 511 2788 3
534 2744 615 2788 litt
725 2750 776 2788 11
804 2743 956 2800 φόνον
982 2744 1055 2789 UI
1071 2742 1152 2787 sed
1176 2742 1225 2786 in
1248 2742 1335 2786 hoc
1358 2758 1414 2799 γρ
1437 2739 1577 2787 δόλον
1601 2751 1827 2796 suprascr.

149 2804 221 2848 m²
255 2805 261 2863 Ι
294 2807 358 2864 τῷ
399 2817 424 2847 ε
465 2803 519 2848 τὸ
562 2817 664 2848 corr
692 2804 728 2847 I
733 2803 751 2828 ²
894 2806 947 2847 15
986 2802 1064 2846 ὑπ.
1109 2798 1277 2846 αὐτίκα
1319 2801 1399 2844 ἀπ.
1443 2799 1508 2851 εἰς
1535 2798 1637 2856 Aty.
1669 2797 1771 2842 Mor

153 2867 208 2906 18
232 2863 377 2908 αὐτοῦ
400 2862 742 2908 ΡΒΜΜοΟαΙ
761 2861 844 2906 sed
875 2861 923 2904 in
946 2861 1034 2905 hoc
1059 2858 1073 2875 '
1101 2860 1150 2904 in
1169 2858 1180 2876 ²
1213 2874 1315 2904 corr
1334 2858 1405 2902 ιη’
1523 2862 1581 2902 24
1605 2857 1748 2901 αὑτοῦ
1771 2869 1828 2900 ex

150 2922 296 2967 αὐτοῦ
329 2935 430 2966 corr
451 2920 580 2966 A'I’
662 2922 807 2966 αὐτοῦ
838 2921 1016 2966 PUMo
