2090 3162
750 115 982 158 LIBANII
1015 114 1237 158 ORATIO
1270 114 1332 158 XI
1776 115 1884 167 485

199 251 502 319 φθέγγεται
538 248 600 303 δὲ
631 250 663 318 ἡ
699 253 901 319 νεότης,
934 249 1022 302 καὶ
1055 251 1115 302 τὸ
1148 258 1318 318 γῆρας
1354 250 1455 302 οὐκ
1494 251 1737 318 ἄχθεται,
1776 259 1887 302 πᾶν

198 337 298 405 μὲν
339 336 442 392 οὖν
473 339 818 401 τούναντίον,
860 342 1349 406 συμπαρακαλοῦσι
1388 339 1476 390 καὶ
1516 337 1886 406 προτρέπουσι

197 429 284 480 καὶ
347 429 685 497 προάγονται
746 433 997 496 θαρρεῖν,
1065 428 1245 495 ὥσπερ
1302 426 1449 479 ἀετοὶ
1503 429 1757 489 νεοττοὺς
1811 428 1887 490 εἰς

195 525 396 584 πτῆσιν
435 515 795 586 ἐρεθίζοντες.
877 515 995 568 146.
1045 517 1182 584 πρὸς
1232 523 1502 568 τοσοῦτον
1553 513 1613 568 δὲ
1659 517 1778 583 ἥκει
1824 517 1885 568 τὸ

197 606 444 672 σύστημα
498 607 849 672 σεμνότητος,
901 603 1039 657 ὥσθ’
1087 604 1226 670 ὁμοῦ
1265 624 1322 656 τε
1372 602 1548 672 ε’φάνη
1600 603 1690 656 καὶ
1740 606 1887 672 παρὰ
1935 627 1953 659 5

198 703 310 745 τῶν
365 694 629 762 ὑπάρχων
684 694 713 746 ὅ
768 714 820 746 τι
875 694 1131 759 βούλεται
1187 692 1594 761 διαπέπρακται.
1673 691 1763 745 καὶ
1814 699 1888 763 τῷ

201 783 358 834 δόντι
396 781 656 849 μέγιστον
696 783 773 844 εἰς
811 782 1021 850 ἡδονὴν
1060 782 1121 834 τὸ
1164 780 1484 834 δεδωκέναι·
1525 782 1794 850 χρηστούς
1831 801 1889 834 τε

197 872 300 938 γὰρ
335 866 395 923 εὖ
429 880 607 923 ποιῶν
639 865 754 923 οἶδε
786 869 876 922 καὶ
910 870 1131 932 δεινοὺς
1163 871 1354 937 εἰπεῖν,
1388 865 1467 923 ὧν
1490 871 1551 922 τὸ
1578 867 1680 937 μὲν
1703 872 1888 922 πείθει

196 964 509 1028 μεμνῆσθαι
562 967 655 1026 τῆς
715 961 962 1027 χάριτος,
1023 960 1085 1011 τὸ
1143 956 1202 1011 δὲ
1257 958 1477 1028 παρέχει
1530 959 1668 1027 πρὸς
1731 956 1890 1021 ἀξίαν

196 1048 405 1114 ὑμνεῖν.
471 1047 591 1100 147.
629 1046 720 1100 καὶ
759 1050 816 1099 τί
852 1047 937 1100 δεῖ
976 1047 1158 1115 λέγειν
1187 1047 1486 1116 ὑπάρχους,
1526 1047 1666 1100 ὅπου
1700 1067 1761 1114 γε
1792 1048 1881 1099 καὶ
1910 1071 1952 1102 10

194 1139 520 1203 βασιλεῦσιν
565 1135 627 1189 ἐν
673 1137 821 1188 αἰδοῖ
867 1137 927 1188 τὸ
977 1134 1272 1203 συνέδριον
1327 1136 1613 1204 γράμματά
1665 1155 1722 1188 τε
1776 1137 1885 1188 εἱσ-

196 1225 411 1292 πέμπον
450 1225 540 1277 καὶ
580 1226 973 1292 διαλεγόμενον
1011 1225 1116 1292 πρὸ
1157 1233 1267 1277 τῶν
1305 1227 1546 1292 θρόνων.
1602 1222 1663 1276 ἐν
1702 1225 1769 1292 δὴ
1809 1231 1884 1296 τῷ

198 1315 544 1382 χρηματίζειν
597 1322 690 1382 τῆς
743 1310 844 1382 μὲν
897 1315 1100 1381 βουλῆς
1146 1313 1179 1381 ἡ
1227 1315 1495 1382 φρόνησις
1541 1311 1765 1382 ἐδείχθη
1816 1320 1891 1385 τῷ

199 1410 511 1470 κρατοῦντι,
549 1404 695 1471 παρὰ
736 1399 795 1454 δὲ
835 1409 933 1454 τοῦ
973 1409 1309 1470 κρατοῦντος
1347 1399 1528 1469 ἦλθον
1557 1402 1776 1464 τούτοις
1808 1403 1887 1464 εἰς

195 1492 357 1558 τιμὴν
389 1490 575 1543 ἐθνῶν
607 1491 780 1559 ἀρχαί.
846 1491 966 1542 148.
1005 1491 1066 1542 τὸ
1109 1487 1170 1542 δὲ
1207 1491 1346 1559 πρὸς
1382 1491 1483 1558 τὴν
1522 1491 1730 1543 οἰκείαν
1762 1492 1887 1559 φίλ-
1911 1513 1953 1545 15

197 1599 330 1647 τρον
384 1578 471 1631 ἐπὶ
524 1586 624 1631 τοῦ
685 1579 978 1645 βουλεύειν
1032 1577 1215 1640 ἐνίους
1269 1577 1518 1646 κατέσχε,
1579 1579 1669 1631 καὶ
1726 1580 1889 1631 δυοῖν

197 1667 587 1736 ε’κοσμήθησαν
618 1660 701 1730 οἷς
731 1675 895 1720 τοῦτο
928 1666 1152 1736 ὑπῆρξε,
1184 1673 1259 1739 τῷ
1284 1686 1342 1720 τε
1375 1665 1456 1719 ἐπ’
1488 1666 1668 1720 ἐκεῖνα
1702 1670 1891 1735 κεκλῆ-

201 1761 339 1808 σθαι
390 1756 482 1808 καὶ
534 1762 609 1828 τῷ
656 1763 827 1808 ταῦτα
883 1753 1141 1826 ᾑρῆσθαι.
1218 1762 1293 1828 τῷ
1341 1753 1442 1822 μὲν
1496 1757 1601 1823 γὰρ
1658 1755 1893 1825 ἀρχικῶς

197 1842 415 1913 ἔχοντες
449 1842 456 1914 Ι
490 1842 722 1911 ἔδειξαν,
775 1850 851 1915 τῷ
906 1841 967 1896 δὲ
1021 1847 1204 1911 μεῖζον
1250 1846 1476 1912 ἄγοντες
1526 1845 1796 1913 ἄρχεσθαι
1827 1857 1869 1901 Β,
1891 1861 1977 1902 321

197 1940 261 2003 τῇ
300 1933 523 2002 πατρίδι
569 1935 763 1996 ζῶντες
801 1931 834 2000 ἢ
872 1939 1036 1986 τοῦτο
1076 1932 1388 1995 ἐκλιπόντες
1434 1931 1635 2001 ἑτέρων
1681 1934 1884 2002 ἄρχειν.
1910 1955 1954 1987 20

203 2021 321 2073 149.
362 2020 536 2084 οὕτως
575 2021 800 2089 ἡδονήν,
848 2021 916 2073 οὐ
956 2023 1172 2090 μόχθον
1208 2022 1271 2074 τὸ
1310 2028 1405 2089 τῆς
1445 2022 1647 2084 οἰκείας
1685 2023 1890 2090 προκά-

198 2129 363 2180 μνειν
412 2109 713 2178 τέθεινται,
762 2110 863 2178 τὴν
911 2107 1013 2176 μὲν
1063 2109 1383 2179 ἀπαλλαγὴν
1432 2118 1544 2162 τῶν
1591 2111 1782 2163 πόνων
1821 2110 1889 2163 οὐ

245 2235 249 2239 ’
324 2246 346 2284 1
379 2241 432 2285 τὸ
465 2254 539 2284 om
573 2239 865 2286 CAPUIMo
881 2239 984 2283 Mor
1013 2239 1138 2283 inser
1167 2239 1236 2283 Re
1278 2240 1285 2298 Ι
1326 2240 1407 2284 καὶ
1436 2247 1533 2285 πᾶν
1575 2241 1620 2286 U
1747 2245 1772 2283 2
1805 2237 1892 2286 οὖν

200 2299 327 2343 inser
357 2298 415 2343 1²
463 2299 470 2358 Ι
519 2297 861 2355 προτρέπονται
903 2300 975 2344 UI
1016 2299 1097 2342 sed
1143 2299 1192 2341 in
1230 2298 1320 2343 hoc
1358 2314 1460 2343 ουσι
1504 2313 1729 2356 suprascr.
1763 2299 1833 2343 m³

198 2365 227 2402 4
258 2356 492 2411 ἐθίζοντες
523 2359 570 2402 Ρ
597 2358 679 2402 sed
712 2357 734 2402 ἐ
764 2358 813 2402 in
843 2370 1007 2402 rasura
1038 2363 1064 2401 3
1097 2357 1361 2402 litterarum
1391 2358 1475 2414 m',
1507 2358 1683 2405 BMCa
1796 2363 1822 2403 5
1852 2361 1891 2403 θ

199 2417 249 2460 in
293 2414 413 2461 ὥσθ’
447 2418 496 2460 in
541 2430 616 2462 ras
655 2416 714 2460 1²
865 2421 891 2460 6
938 2415 1243 2474 ὑπαρχόντων
1285 2430 1426 2473 supra
1469 2416 1691 2475 ὑπάρχων
1724 2417 1834 2463 Mo'

201 2481 227 2520 8
258 2483 408 2521 ποιῶν
439 2476 488 2520 in
511 2483 682 2521 ποιοῦν
707 2489 809 2520 corr
830 2477 876 2520 A
999 2480 1051 2519 11
1079 2475 1220 2532 ἐκπέμ
1222 2492 1314 2521 πον
1339 2489 1479 2533 supra
1504 2475 1758 2534 εἰσπέμπον
1783 2476 1892 2522 Mo'

263 2539 317 2579 12
350 2535 401 2581 δὲ
435 2549 460 2579 e
492 2535 550 2592 δὴ
590 2549 691 2579 corr
722 2534 779 2579 1²
819 2536 867 2578 et
898 2534 1002 2578 coni
1033 2534 1135 2578 Mor
1265 2539 1319 2578 16
1350 2535 1451 2593 τοῦ]
1484 2535 1536 2580 τὸ
1579 2537 1624 2582 U
1746 2539 1799 2579 17
1832 2549 1888 2592 σμ

202 2594 251 2637 in
277 2593 641 2651 ἐκοσμήθησαν“
626 2608 676 2637 1n
699 2607 775 2638 ras
793 2594 824 2637 1
833 2593 851 2618 ²
905 2591 1221 2651 ἐκομίσθησαν
1243 2594 1307 2639 Ca
1414 2599 1469 2639 18
1494 2596 1542 2638 et
1566 2599 1620 2638 19
1644 2598 1708 2655 τῷ
1726 2594 1890 2652 scripsi

201 2667 257 2698 ex
298 2653 544 2699 UIBMc'a
585 2652 918 2711 praeeuntibus
961 2653 1029 2696 Re
1052 2653 1192 2696 Anim
1236 2655 1283 2697 et
1327 2652 1508 2698 Sinteni
1591 2653 1643 2698 τὸ
1678 2641 1891 2699 ὈΑΡΜΟ

200 2741 294 2786 edd
424 2745 481 2785 20
514 2739 801 2793 ἐκλειπόντες
830 2741 952 2786 ΟΜο
1027 2728 1314 2792 ἐκλειπόντες
1335 2742 1382 2786 Α
1515 2747 1569 2786 21
1602 2758 1664 2797 πρ
1639 2741 1890 2799 ροκάμνειν

197 2814 311 2845 voce
343 2800 519 2845 desinit
545 2814 711 2845 manus
741 2800 924 2844 librarii
958 2799 1008 2843 in
1038 2799 1161 2844 Mon.
1191 2805 1273 2844 101
1306 2799 1385 2844 fol.
1414 2806 1540 2855 2692
1571 2799 1808 2846 τέθεινται
1833 2828 1888 2834 -

197 2867 292 2904 τῶν
324 2858 419 2902 add
447 2858 518 2902 m'
580 2859 675 2904 —sed
706 2873 734 2904 a
764 2857 1002 2903 τέθεινται
1031 2873 1189 2903 rursus
1229 2859 1400 2915 incipit
1428 2859 1552 2904 Mon.
1581 2865 1664 2904 113
1696 2859 1775 2904 fol.
1803 2865 1887 2904 196

195 2918 359 2962 :media
388 2917 439 2962 in
469 2917 596 2962 linea
625 2920 734 2974 post
763 2918 1043 2974 ἀγνοοῦντες
1072 2921 1231 2975 (supra.
1261 2933 1305 2976 p.
1331 2922 1432 2973 458,
1451 2922 1495 2976 6)
1882 2946 1886 2949 -
