2090 3162
184 125 290 177 406
748 125 973 168 LIBANH
1005 125 1226 169 ORATIO
1260 126 1300 168 X

185 259 244 313 ἐν
283 269 396 323 τοῖς
435 260 747 328 προσώποις
785 260 891 312 ὑπὸ
932 266 996 329 τῇ
1030 261 1212 330 δάφνῃ
1245 262 1343 312 τὸν
1375 257 1545 312 οἶνον,
1613 261 1693 311 16.
1733 261 1819 312 καὶ
1848 259 1866 330 f

95 361 136 404 R
157 367 240 405 267
274 358 441 401 ταῦτα
473 350 542 416 δή
582 368 721 416 φημι
752 350 852 416 τὴν
883 347 1101 416 γένεσιν
1134 348 1345 401 ἐκεῖθεν
1378 351 1580 417 λαβεῖν,
1622 348 1725 400 ἀπὸ
1765 357 1858 416 τῆς

183 437 244 490 ἐν
289 444 361 509 τῷ
406 436 644 508 Πλέθρςο
695 440 996 505 παροινίας.
1075 437 1380 504 ἐλογίζοντο
1431 439 1534 506 γὰρ
1587 438 1638 490 οἱ
1689 445 1856 489 ταῦτα

183 525 471 593 ἀξιοῦντες,
513 525 596 577 ὄτι
635 525 801 578 οὐδὲν
834 526 1019 578 δεινὸν
1052 525 1138 577 ἐπὶ
1171 534 1284 587 τοῖς
1316 527 1657 594 τηλικούτοις
1687 534 1856 578 ταῦτα

138 635 157 667 5
182 614 604 683 ἁμαρτάνεσθαι.
681 622 775 681 τῆς
816 610 876 666 δὲ
917 614 975 666 ἐν
1015 613 1243 676 ε’κείνοις
1280 616 1640 682 πλημμελείας
1680 620 1858 667 αἴτιον

180 704 239 754 τὸ
279 707 517 770 πλῆθος,
557 704 755 755 τούτου
789 700 849 755 δὲ
886 704 1016 755 αὐτὸ
1049 704 1110 755 τὸ
1143 701 1305 771 ἔχειν,
1338 698 1403 755 οὗ
1436 711 1690 755 τοσοῦτοι
1721 708 1856 755 καθ-

181 793 448 844 εδοῦνται.
530 792 610 843 17.
663 791 835 854 οὕτως
884 793 1018 860 ἡμῖν
1058 791 1086 844 ὁ
1126 792 1289 854 καλὸς
1330 793 1580 861 Πρόκλος
1628 794 1857 861 πονηρό-

178 899 307 948 τερα
344 881 409 932 τὰ
449 879 558 933 ἐκεῖ
595 889 754 948 ποιεῖ,
794 881 883 932 καὶ
922 880 949 932 ὁ
990 883 1213 949 χαίρων,
1255 881 1300 932 εἰ
1337 887 1498 932 τοῦτο
1531 883 1714 948 μεῖζον
1745 880 1856 943 ἑξο-

178 988 278 1036 μεν
316 970 376 1021 τὸ
417 968 674 1038 θέατρον,
724 968 809 1022 ἐπὶ
854 975 927 1039 τῷ
971 971 1130 1037 μείζω
1170 970 1270 1037 τὴν
1309 959 1595 1036 ἀσέλγειαν
1633 970 1855 1021 ἔσεσθαι

114 1079 156 1110 10
181 1060 370 1126 χαίρει.
448 1059 653 1126 χαίρων
693 1058 752 1110 δὲ
800 1065 962 1110 τοῦτο
1009 1062 1234 1126 πολεμεῖ
1270 1065 1384 1119 τοῖς
1416 1056 1727 1124 Ὀλυμπίοις
1766 1058 1855 1109 καὶ

179 1147 478 1214 δείκνυσιν,
531 1147 602 1208 ὡς
653 1146 753 1199 οὐκ
805 1145 874 1198 ἂν
925 1150 1203 1199 τελεῖσθαι
1254 1147 1510 1213 βούλοιτο
1560 1146 1626 1197 τά
1676 1165 1735 1213 γε
1783 1146 1854 1208 ὡς

179 1234 398 1302 ἀληθῶς
430 1233 706 1302 Ὀλύμπια.
774 1235 855 1287 18.
896 1233 1000 1302 ἐγὼ
1042 1235 1102 1287 δὲ
1140 1234 1333 1303 ἠξίουν
1366 1236 1622 1303 Πρόκλον
1652 1239 1855 1302 μαθεῖν

176 1343 231 1375 τε
271 1324 479 1376 ἅπαντα
518 1325 614 1376 τὸν
652 1324 777 1393 περὶ
815 1325 911 1376 τὸν
941 1325 1110 1376 τόπον
1141 1325 1311 1391 λόγον
1341 1325 1618 1391 βοηθῆσαί-
1646 1342 1703 1375 τε
1741 1331 1855 1384 τοῖς

174 1412 339 1465 πάλαι
371 1411 796 1481 νενομισμένοις.
847 1419 1011 1465 τοῦτο
1045 1412 1106 1465 δὲ
1135 1408 1207 1480 ἦν
1239 1412 1474 1480 ἀφελεῖν,
1494 1413 1553 1463 τὸ
1586 1413 1854 1480 νεώτερον

111 1522 152 1554 15
176 1501 265 1552 καὶ
326 1503 555 1554 καθίσαι
608 1503 738 1563 τοὺς
798 1501 1130 1569 ἀνθρώπους
1185 1499 1271 1553 ἐπὶ
1325 1508 1423 1553 τοῦ
1477 1499 1853 1569 πρεσβυτέρου

174 1590 347 1657 μόνου
387 1590 475 1642 καὶ
514 1591 586 1658 μὴ
626 1591 918 1659 φροντίσαι
957 1598 1068 1642 τῶν
1107 1589 1522 1656 διαβαλούντων
1559 1589 1619 1641 τὸ
1671 1590 1851 1657 ἔργον,

176 1678 249 1740 ὡς
273 1679 788 1746 συκοφαντούντων.
837 1679 935 1730 τὸν
959 1678 1062 1745 γὰρ
1087 1684 1161 1748 τῷ
1188 1679 1336 1748 νόμῳ
1370 1675 1853 1745 συνηγωνισμένον

176 1766 277 1818 οὐκ
308 1765 641 1834 ἠδικηκέναι,
683 1765 818 1819 οὐδέ
847 1786 906 1834 γε
937 1773 1216 1834 πανταχοῦ
1248 1766 1345 1818 τὸν
1375 1763 1476 1834 μὲν
1508 1765 1853 1833 ἀφαιροῦντα

173 1874 322 1916 τινος
358 1854 586 1923 ἀδικεῖν,
625 1857 719 1917 τὰς
749 1858 1069 1923 προσθήκας
1102 1855 1163 1907 δὲ
1195 1855 1522 1921 εὐδοκιμεῖν,
1556 1852 1671 1906 ἀλλ’
1711 1849 1852 1906 εἶναι

109 1964 150 1995 20
176 1941 266 1995 καὶ
298 1942 618 2012 προσθέντα
648 1943 852 2012 βλάψαι
883 1944 973 1995 καὶ
1006 1943 1280 2011 ἀφελόντα
1311 1942 1517 2010 ὀνῆσαι.
1577 1943 1657 1995 19.
1689 1950 1850 1996 τοῦτο

174 2032 235 2084 δὲ
288 2032 396 2084 ἴδοι
445 2051 526 2094 τις
575 2031 645 2084 ἂν
693 2032 924 2100 μάλιστα
974 2031 1035 2084 ἐν
1083 2040 1197 2094 τοῖς
1248 2031 1512 2100 σώμασιν,
1562 2029 1624 2083 ἐν
1663 2023 1745 2092 οἷς
1797 2032 1851 2083 αἱ

172 2125 492 2189 προσθῆκαι
537 2129 648 2172 τῶν
698 2120 1094 2183 ἀποκοψόντων
1141 2118 1382 2187 δέονται,
1435 2118 1539 2172 κᾶν
1584 2119 1613 2173 ὁ
1670 2120 1852 2189 ἰατρὸς

172 2216 333 2261 τοῦτο
368 2209 675 2278 φαρμάκοις
706 2209 739 2278 ἢ
770 2207 859 2262 καὶ
891 2215 965 2281 τῷ
999 2210 1206 2280 σιδήρῳ
1240 2209 1476 2277 δυνηθῇ,
1513 2209 1613 2260 τὸν
1643 2209 1851 2275 μισθὸν

174 2292 251 2349 ὧν
290 2297 516 2365 ἀφεῖλεν
562 2295 685 2366 ἔχει.
761 2298 994 2366 μάλιστα
1039 2294 1141 2365 μὲν
1180 2291 1283 2349 οὗν
1328 2295 1492 2366 ἐχρῆν
1538 2297 1636 2349 τὸν
1681 2299 1851 2350 καλὸν

107 2405 149 2438 25
174 2383 425 2452 κάγαθὸν
473 2388 733 2455 Πρόκλον
783 2385 926 2438 οὕτω
977 2387 1078 2454 τὴν
1127 2383 1252 2453 περὶ
1301 2385 1399 2436 τὸν
1438 2386 1549 2437 Δία
1600 2385 1850 2452 σπουδὴν

171 2472 373 2525 ἅπασιν
413 2472 688 2537 ἐπιδεῖξαι.
765 2474 850 2526 20.
905 2474 1121 2536 πάντως
1165 2474 1268 2543 γὰρ
1317 2474 1364 2526 εἰ
1411 2471 1501 2525 καὶ
1539 2474 1611 2541 μὴ
1658 2473 1803 2525 πάνυ
1840 2471 1845 2542 1

83 2573 124 2616 R
146 2578 229 2616 268
261 2562 515 2628 πολλούς,
548 2562 685 2615 ἀλλὰ
716 2563 846 2624 τούς
876 2581 937 2630 γε
971 2563 1307 2623 σπουδαίους
1337 2558 1560 2613 ἔπειθεν
1584 2560 1653 2613 ἂν
1677 2561 1850 2614 αὐτὸν

295 2697 320 2735 5
346 2689 616 2747 πλημελείας
633 2693 710 2735 ΡΙ
799 2697 825 2735 6
851 2691 963 2735 αὐτὸ
989 2691 1153 2748 scripsi
1213 2692 1355 2735 αὐτοῦ
1379 2690 1488 2733 libri
1515 2691 1604 2734 edd
1666 2692 1847 2746 „malim

166 2746 265 2793 αὖ“
297 2751 365 2795 Re
407 2752 413 2806 Ι
456 2750 560 2808 ἔχον
591 2751 723 2807 Bong
869 2754 892 2792 7
925 2749 1123 2803 πρόκλος
1159 2750 1207 2793 in
1237 2762 1367 2807 marg
1389 2749 1452 2794 0²
1499 2749 1506 2808 Ι
1555 2748 1847 2806 πονηρότατα

171 2810 204 2852 Ι
220 2809 352 2866 Bong
483 2813 508 2852 8
541 2808 565 2852 ὃ
599 2809 847 2854 delendum
878 2811 1034 2853 censet,
1057 2809 1124 2852 Re
1165 2811 1172 2864 Ι
1214 2807 1331 2853 οὕτω
1357 2814 1377 2852 ?
1418 2809 1425 2865 Ι
1467 2825 1492 2852 ο
1524 2808 1571 2852 in
1604 2807 1761 2865 ἕξομεν
1793 2821 1848 2851 ex

171 2885 206 2911 ω
238 2881 339 2911 corr
371 2867 434 2912 02
563 2872 616 2910 10
647 2868 792 2911 τούτω
820 2868 858 2912 Ο
883 2869 931 2911 et
961 2881 985 2910 e
1017 2869 1160 2912 τοῦτο’
1182 2881 1284 2911 corr
1306 2867 1378 2911 Ρ3
1408 2868 1454 2910 et
1485 2867 1552 2911 Re
1673 2872 1728 2910 26
1759 2865 1846 2924 γὰρ

169 2925 293 2970 inser
326 2926 383 2971 Ο·
526 2931 580 2970 27
615 2927 791 2971 ἔπεισεν
822 2926 956 2982 Bong
