2090 3162
763 113 989 163 LIBANI'I
1020 121 1243 165 ORATIO
1275 121 1336 164 XI
1781 122 1887 173 453

208 256 341 321 βαλε
381 262 473 322 τῆς
525 253 855 324 ἐνεγκούσης
904 257 1003 324 τὴν
1042 258 1273 325 μνήμην.
1351 256 1436 309 51.
1488 252 1648 319 οὗτος
1699 259 1892 309 τοίνυν

210 342 238 394 6
280 344 646 412 Τριπτόλεμος
679 344 707 397 6
740 346 874 397 κατὰ
909 347 1126 413 ζήτησιν
1157 354 1250 413 τῆς
1270 344 1508 415 Ἀργείας
1540 348 1707 414 κόρης
1740 346 1890 413 ἱδρύ-

211 446 308 493 σας
348 431 414 484 ὃν
452 427 550 499 ἦγε
600 433 733 485 λαὸν
771 435 934 485 πόλιν
972 452 1028 485 τε
1077 433 1332 501 ἐποίησεν
1368 434 1474 486 ὑπὸ
1521 441 1594 506 τῷ
1635 436 1752 502 ὄρει
1797 433 1886 486 καὶ

209 522 347 581 Διὸς
381 518 387 590 Ι
425 521 575 585 ἱερὸν
607 519 667 572 ἐν
694 529 758 590 τῇ
790 523 944 574 πόλει
976 524 1220 589 Νεμείου
1249 523 1580 590 προσειπών,
1607 521 1801 590 Ἰώνην
1832 535 1872 577 R
1894 539 1977 577 289

211 608 272 660 δὲ
316 616 379 677 τῇ
427 610 581 661 πόλει
628 610 871 676 τοῦνομα
918 609 1023 662 ἀπὸ
1073 618 1168 678 τῆς
1198 608 1414 679 Ἰνάχου
1460 612 1750 680 θυγατρός.
1825 606 1889 678 ἧς
1938 632 1956 663 5

210 698 311 764 γὰρ
365 695 595 766 ἀφέντες
640 699 740 765 τὴν
788 701 1007 767 ζήτησιν
1057 697 1260 771 ᾤκισαν
1306 701 1406 767 τὴν
1459 701 1638 765 πόλιν,
1689 699 1893 767 ταύτην

211 784 474 853 ἐτίμησαν
504 793 568 855 τῇ
609 788 796 854 κλήσει
835 795 933 839 τοῦ
974 788 1184 849 ἄστεος·
1223 787 1328 856 ἤδη
1368 785 1428 839 δὲ
1468 789 1569 855 τὴν
1600 795 1704 855 γῆν
1735 786 1892 856 ἐργα-

216 876 435 940 ζόμενοί
461 893 518 926 τε
550 873 640 926 καὶ
673 876 1046 944 καρπούμενοι
1077 876 1507 944 μετονομάζουσι
1530 877 1629 929 τὸν
1654 874 1893 942 Νέμειον

204 960 578 1030 Ἐπικάρπιον.
668 963 753 1015 52.
814 965 1179 1032 Τριπτόλεμος
1227 961 1329 1030 μὲν
1380 960 1484 1016 οὖν
1532 968 1628 1026 τὰς
1676 965 1893 1032 πρώτας

208 1049 504 1113 ὑποθέσεις
542 1053 846 1119 βαλόμενος
883 1060 947 1121 τῇ
987 1054 1142 1105 πόλει
1181 1054 1504 1120 μεθίσταται
1535 1051 1625 1104 καὶ
1659 1053 1750 1104 διὰ
1781 1061 1892 1105 τῶν
1917 1074 1958 1105 ιο

207 1148 381 1206 τιμῶν
414 1138 474 1191 ἐν
504 1148 618 1202 τοῖς
653 1141 861 1209 ἥρωσιν
891 1141 1199 1208 ἠριθμεῖτο·
1240 1141 1372 1203 θεὸς
1403 1138 1464 1193 δὲ
1504 1133 1546 1212 ᾧ
1578 1142 1713 1193 κατὰ
1752 1148 1892 1193 νοῦν

209 1227 240 1295 ἡ
280 1229 439 1290 πόλις
476 1229 910 1296 κατεσκευάζετο,
948 1231 1285 1297 βουλόμενος
1324 1229 1496 1296 αὐτὴν
1528 1227 1587 1282 ἐκ
1625 1238 1737 1282 τῶν
1776 1228 1893 1298 ἀρί-

211 1331 357 1368 στων
403 1315 634 1384 αὐξῆσαι
682 1326 860 1385 γενῶν
905 1326 1048 1369 κινεῖ
1087 1318 1280 1370 Κάσον
1327 1316 1385 1370 ἐκ
1426 1320 1669 1386 Κρήτης,
1717 1318 1892 1386 ἄνδρα

210 1404 443 1472 ἀγαθόν,
481 1403 572 1457 καὶ
614 1405 779 1474 δεῦρο
820 1407 958 1472 ἄγει,
996 1411 1070 1476 τῷ
1105 1402 1165 1457 δὲ
1205 1407 1310 1474 ἄρα
1342 1406 1523 1458 εἵπετο
1557 1408 1792 1473 Κρητῶν
1829 1405 1889 1456 τὸ

208 1495 595 1562 δοκιμώτατον.
672 1493 757 1545 53.
809 1491 1068 1555 ἐλθόντες
1119 1490 1179 1545 δὲ
1230 1488 1397 1562 εὗρον
1447 1495 1576 1556 τοὺς
1618 1492 1888 1561 Ἀργείους
1914 1514 1954 1547 15

209 1581 468 1648 ἀμείνους
498 1591 609 1634 τῶν
642 1587 800 1634 οἴκοι.
859 1583 1056 1644 Μίνως
1086 1581 1187 1648 μὲν
1219 1583 1320 1651 γὰρ
1355 1587 1592 1650 φθονῶν
1623 1579 1892 1649 ἐξέβαλεν,

202 1668 432 1739 Ἀργεῖοι
471 1667 532 1722 δὲ
572 1669 818 1736 ἀσμένως
857 1668 1111 1738 ἐδέχοντο
1144 1668 1234 1722 καὶ
1266 1668 1566 1738 μετέδοσαν
1596 1670 1806 1731 πόλεώς
1836 1689 1893 1722 τε

211 1759 302 1811 καὶ
342 1759 521 1828 χώρας
560 1757 650 1811 καὶ
692 1759 840 1812 ὅσων
877 1758 1063 1821 αὐτοῖς
1101 1766 1284 1827 μετῆν.
1345 1758 1411 1811 οὐ
1451 1759 1560 1826 μὴν
1591 1755 1653 1812 εὗ
1690 1763 1895 1810 παθεῖν

211 1849 424 1915 μᾶλλον
463 1845 492 1898 6
532 1847 718 1909 Κάσος
766 1845 799 1914 ἢ
848 1842 909 1899 εὖ
954 1855 1135 1899 ποιεῖν
1171 1847 1450 1915 ἠπίστατο.
1527 1844 1617 1899 καὶ
1654 1846 1894 1899 κατιδὼν

328 2026 353 2062 ὓ
387 2020 442 2063 ef.
479 2020 651 2094 Steph.
670 2020 720 2064 B.
755 2035 788 2064 s.
822 2035 861 2064 V.
899 2017 1051 2077 Ἰὠνη·
1100 2019 1244 2072 οὕτως
1277 2021 1479 2065 ἐκαλεῖτο
1511 2019 1540 2076 ἡ
1574 2017 1824 2077 Ἀντιόχεια
1862 2019 1891 2076 ἡ

208 2078 338 2133 παρὰ
370 2078 589 2136 Δάφνην,
627 2077 685 2135 ἣν
726 2077 910 2139 ᾤκησαν
950 2082 1069 2135 (corr
1108 2076 1296 2139 ᾤκισαν)
1324 2077 1518 2136 Ἀργεῖοι
1651 2084 1701 2122 11
1741 2078 1890 2123 strab.

209 2137 315 2181 XVI
344 2153 389 2195 p.
419 2143 502 2182 750
625 2143 678 2182 13
705 2125 944 2182 cf.Ma1a1.
978 2142 1228 2195 p.201‚19

330 2306 351 2343 1
387 2299 570 2375 μνήμην
598 2302 643 2345 Ρ
672 2300 753 2344 sed
791 2299 915 2357 μνήμ
946 2300 994 2343 in
1032 2313 1107 2343 ras
1146 2299 1229 2354 ιη’,
1260 2300 1294 2342 Ι
1327 2299 1406 2343 sed
1448 2315 1507 2356 μν
1539 2299 1587 2342 in
1626 2312 1700 2342 ras
1732 2299 1815 2352 ιη’,
1848 2300 1894 2343 Β

212 2359 293 2403 sed
325 2358 416 2416 μνή
445 2360 496 2404 in
526 2374 616 2415 ras,
649 2361 696 2404 et
728 2359 831 2404 coni
864 2359 963 2417 (sed
993 2361 1157 2435 postea
1181 2357 1370 2414 abiecit)
1393 2315 1479 2402 R-eu
1486 2359 1534 2403 ef.
1557 2357 1701 2402 Cobet
1724 2357 1892 2401 Mnem.

211 2418 270 2462 N.
304 2418 347 2462 S.
380 2418 422 2462 V
455 2423 536 2463 107
578 2418 695 2476 (Coll
737 2421 838 2476 103)
922 2419 1108 2476 γνώμην
1154 2417 1323 2473 reliqui
1367 2416 1476 2460 libri
1523 2416 1614 2462 edd
1698 2415 1893 2475 στοργήν

211 2477 372 2521 Iacobs
407 2479 413 2532 Ι
450 2474 586 2529 ουτος
616 2480 707 2522 κτλ.
740 2477 787 2521 in
831 2479 986 2521 mente
1029 2476 1172 2521 habet
1203 2476 1431 2533 Euagrius
1474 2475 1518 2518 h.
1552 2474 1715 2520 eccl.1
1747 2479 1802 2519 20
1833 2474 1890 2519 cf.

210 2553 254 2594 p.
275 2540 375 2590 466,
396 2541 450 2580 10
535 2542 560 2579 3
577 2531 735 2595 postv'y
739 2553 789 2638 Ξε
812 2548 975 2580 rasura
999 2540 1024 2579 3
1041 2535 1113 2579 vel
1130 2539 1157 2578 4
1180 2534 1295 2579 litt
1282 2549 1331 2579 ιιι
1350 2534 1388 2579 G
1410 2535 1416 2592 Ι
1443 2535 1556 2579 λεὼν
1571 2534 1890 2591 ΙΒΜΜοΟαΙ

211 2597 262 2640 δὲ
289 2597 373 2640 Mo
408 2598 414 2651 Ι
449 2595 526 2641 ἐπὶ
556 2596 632 2641 UI
803 2594 942 2650 ,,ἰ’σως
971 2598 1080 2652 Νομ
1082 2592 1187 2639 ίου“
1218 2594 1319 2637 Μοι·
1348 2593 1397 2637 in
1428 2606 1561 2650 marg
1594 2596 1600 2650 Ι
1637 2593 1751 2649 ἰώνη
1775 2593 1891 2637 ΙΜο

271 2659 296 2697 6
338 2656 447 2699 ante
485 2654 670 2712 ζήτησιν
707 2668 871 2699 rasura.
903 2659 928 2698 6
967 2653 1229 2698 litterarum
1259 2653 1293 2696 I
1323 2653 1330 2708 Ι
1373 2649 1466 2712 ὦκη
1470 2666 1557 2696 σαν
1595 2652 1750 2696 UIMo
1790 2651 1798 2710 Ι
1836 2656 1892 2706 τῆ

213 2713 344 2758 πόλει
369 2715 455 2758 Mo
585 2717 611 2757 8
642 2729 691 2758 τε
723 2727 799 2758 om
825 2715 909 2758 Mo
943 2713 950 2771 Ι
982 2713 1035 2758 τὸ
1061 2714 1146 2758 Mo
1181 2714 1187 2768 Ι
1221 2710 1302 2767 νέμ
1307 2726 1379 2755 ιον
1412 2711 1567 2756 UBCa
1698 2714 1753 2753 10
1784 2710 1892 2768 βαλ-

213 2771 402 2828 λόμενος
436 2772 508 2818 UI
624 2777 677 2816 13
709 2772 883 2817 κάσσον
910 2773 995 2836 Mu
1115 2775 1170 2815 16
1203 2769 1436 2829 ἐξέβαλλεν
1454 2771 1500 2815 Α
1526 2770 1623 2826 (sed
1648 2767 1846 2813 alterum
1867 2770 1893 2812 λ

214 2862 414 2916 erasum)
441 2861 606 2906 CPMo
621 2861 724 2904 Mor
807 2863 861 2904 18
878 2859 958 2904 καὶ
975 2861 1111 2916 (2)-
1130 2862 1184 2903 19
1202 2856 1424 2915 ἠπίστατο
1449 2870 1524 2902 om
1542 2858 1626 2903 Mo
1709 2859 1773 2900 18.
1782 2844 1892 2900 ὅσον

214 2922 260 2964 Α
321 2917 430 2964 όσον
457 2919 495 2964 0
517 2920 524 2979 Ι
550 2936 604 2976 τη
629 2920 678 2964 in
702 2925 843 2976 μετῆν
866 2919 916 2963 in
939 2931 1016 2962 ras
1040 2917 1104 2962 P²
1215 2922 1269 2961 19
1292 2918 1463 2974 μᾶλλον
1484 2915 1610 2960 inser
1630 2914 1690 2959 1²
1747 2928 1824 2959 om
1854 2915 1899 2960 U
