2090 3162
188 132 295 184 452
741 130 966 173 LIBANH
999 129 1220 173 ORATIO
1253 130 1315 172 XI

189 266 530 330 ἐξέπλευσαν.
623 266 707 318 48.
763 273 926 318 τοῦτο
983 263 1043 318 δὲ
1098 261 1167 332 ἦν
1222 266 1324 318 οὐκ
1371 264 1513 328 Ἰοῦς
1566 266 1867 334 ὑπεριδεῖν,

190 356 305 408 ἀλλ’
352 357 635 423 ὑπεριδεῖν
674 362 768 422 τῆς
808 355 1028 416 οἰκείας·
1070 356 1363 423 προείρητο
1397 355 1500 422 γὰρ
1535 356 1721 416 αὐτοῖς
1759 354 1867 406 ὑπὸ

189 453 287 497 τοῦ
328 444 635 509 πέμποντος
672 443 704 511 ἢ
745 444 845 511 τὴν
886 445 1188 510 ἄνθρωπον
1228 444 1383 510 ἄγειν
1421 442 1453 510 ἢ
1494 441 1629 511 μηδὲ
1669 443 1870 505 αὐτοὺς

191 532 567 601 ἀναστρέφειν.
625 531 762 584 ὥσθ’
795 533 848 584 οἱ
879 540 977 585 τοῦ
1011 535 1186 600 ζητεῖν
1218 534 1515 599 παυόμενοι
1551 540 1643 600 τῆς
1669 533 1871 593 οἰκείας

149 644 167 674 5
195 621 405 682 ἑκόντες
460 620 760 689 ἐστέροντο.
837 621 924 673 49.
981 622 1028 672 εἰ
1083 617 1183 686 μὲν
1238 616 1340 672 οὗν
1395 619 1475 672 ἐπ’
1526 623 1723 689 ἔσχατα
1775 628 1870 687 τῆς

193 709 515 777 οἰκουμένης
539 708 797 771 ἐλθόντες
827 710 1053 771 οὐδενὸς
1079 710 1155 771 εἰς
1189 712 1406 777 ζήτησιν
1438 707 1516 761 ἔτι
1541 709 1869 777 λειπομένου

189 798 374 864 μένειν
413 796 680 866 ἔγνωσαν,
729 799 805 860 εἰς
843 800 943 866 τὴν
983 797 1245 866 ἀνάγκην,
1293 796 1410 850 ἀλλ’
1458 798 1523 850 οὐ
1563 799 1661 850 τὸν
1700 800 1872 867 ε’ρωτα

189 895 284 954 τῆς
323 888 500 955 χώρας
538 888 597 939 τὸ
637 895 731 955 τῆς
771 887 945 949 αἰτίας
983 885 1162 955 ἤρχετ’
1196 888 1299 939 ἄν·
1341 885 1529 954 ἐπειδὴ
1570 883 1629 938 δε
1669 890 1871 954 πολλῆς

188 976 566 1044 ὑπαρχούσης,
618 974 679 1027 ἐν
717 978 751 1046 ᾐ
800 995 944 1037 τινες
994 970 1135 1042 ἦσαν
1182 983 1276 1043 τῆς
1326 974 1589 1044 εὑρέσεως
1639 973 1871 1043 ἐλπίδες,

127 1088 167 1118 10
193 1063 366 1126 οὕτως
416 1063 769 1132 ἐβούλευσαν,
822 1065 874 1116 οἱ
924 1063 1282 1132 προτιθέντες
1330 1083 1441 1116 των
1488 1062 1727 1116 ἐλπίδων
1773 1066 1872 1132 τὴν

191 1154 367 1221 μονὴν
392 1162 484 1221 τῆς
510 1155 712 1215 οἰκείας
746 1154 923 1220 δήπου
948 1154 1048 1220 τὴν
1073 1151 1233 1220 ξένην
1255 1154 1645 1222 προύτίθεσαν.
1701 1153 1872 1215 οὕτως

193 1242 394 1303 αὐτοὺς
445 1241 768 1310 ἐγοήτευσεν
807 1243 839 1309 ἡ
879 1243 1041 1311 χώρα.
1118 1241 1204 1293 50.
1254 1242 1343 1294 καὶ
1395 1242 1467 1304 ὡς
1516 1243 1727 1309 ἥψαντο
1778 1250 1872 1309 τῆς

192 1338 306 1398 γῆς,
346 1331 614 1398 κατάκρας
665 1331 904 1398 εἴχοντο,
955 1331 1044 1382 καὶ
1083 1331 1143 1382 τὸ
1184 1339 1277 1398 τῆς
1326 1331 1588 1400 πατρίδος
1639 1334 1873 1399 φίλτρον

192 1419 459 1488 ὑπεχώρει
510 1426 583 1491 τῷ
628 1427 722 1486 τῆς
772 1417 1032 1488 ᾑρηκυίας
1082 1420 1341 1487 θαύματι.
1417 1420 1516 1472 τὸν
1556 1417 1616 1472 δὲ
1663 1420 1874 1472 τούτων

128 1530 168 1561 15
192 1508 425 1577 ὕστερον
474 1510 774 1576 γενόμενον
811 1506 1050 1576 Ὅμηρον
1101 1509 1203 1560 οὐκ
1253 1506 1445 1576 ἠξίουν
1484 1510 1652 1575 ἔγωγε
1701 1505 1874 1576 μηδὲν

195 1593 337 1648 εἶναι
391 1604 562 1664 φῆσαι
615 1597 879 1666 πατρίδος
934 1595 1252 1666 ἀνθρώποις
1305 1597 1484 1663 ἥδιον,
1539 1604 1603 1665 τῇ
1654 1593 1713 1648 δὲ
1762 1605 1873 1648 τῶν

185 1682 439 1752 Ἀργείων
488 1686 655 1755 ψήφῳ
707 1685 797 1737 καὶ
851 1684 1178 1737 τούναντίον
1234 1686 1423 1752 εἰπεῖν,
1478 1685 1561 1736 ὅτι
1613 1685 1874 1746 πολλάκις

194 1772 433 1841 ἀμείνων
471 1782 646 1842 χῶρος
684 1771 1119 1839 ἐπισπασάμενος
1158 1775 1378 1841 γνώμας
1418 1772 1734 1842 ἀνθρώπων
1766 1771 1873 1835 ἐξέ-

313 1996 338 2034 2
372 1991 426 2035 of.
460 1991 618 2035 Malal.
650 2007 695 2048 p.
730 1996 798 2046 30,
827 1996 849 2035 1
1011 1996 1064 2036 15
1099 1991 1181 2036 Od.
1217 2009 1232 2035 ι
1266 1996 1321 2035 34

317 2203 370 2241 10
401 2199 678 2256 βουλεύομαι
717 2199 772 2242 οὐ
805 2197 949 2254 μόνον
982 2199 1058 2243 ἐπὶ
1088 2201 1378 2254 παθητικοῦ,
1412 2197 1526 2242 ἀλλὰ
1558 2198 1636 2241 καὶ
1669 2198 1872 2255 βουλευω

196 2256 265 2300 B²
298 2259 338 2314 (e
370 2257 529 2301 T.h0m
562 2257 622 2300 M.
656 2257 740 2300 1.1.
776 2258 830 2301 οὐ
863 2256 1023 2317 μόνον
1045 2257 1344 2315 βουλευομαι,
1384 2257 1496 2300 ἀλλὰ
1528 2257 1607 2300 καὶ
1649 2258 1870 2315 βουλεύω·

195 2317 417 2374 Λιβανιος
449 2316 496 2360 ἐν
528 2321 590 2377 τῷ
611 2314 883 2377 Ἀντιοχικῷ·
920 2317 967 2361 ἐν
1001 2316 1029 2375 ῂ
1060 2319 1150 2360 κτλ.

314 2527 340 2565 4
372 2526 454 2577 ζῆν
482 2523 545 2567 Ga
665 2527 690 2566 5
724 2539 770 2574 ες
799 2522 848 2565 111
879 2521 1059 2572 ἑκόντες
1089 2522 1137 2565 111
1167 2535 1243 2565 ras
1268 2521 1338 2566 P2
1399 2520 1583 2571 ἑκόντος
1611 2522 1675 2566 Ca
1709 2523 1714 2575 Ι
1753 2519 1873 2565 ἐστέ-

198 2597 333 2637 ροντο
365 2580 546 2632 ἑκόντες
578 2582 658 2626 Mo
787 2585 811 2624 9
845 2581 894 2626 ἐν
927 2575 955 2640 ᾗ
985 2608 1042 2613 -
1077 2585 1129 2625 10
1163 2581 1438 2639 ἐβούλευσαν
1470 2581 1586 2623 citat
1617 2580 1776 2623 Thom.
1810 2579 1870 2622 Μ.

197 2656 241 2697 p.
270 2645 339 2694 63,
358 2645 411 2683 15
561 2645 614 2683 10
647 2657 704 2684 αν
735 2640 785 2683 111
824 2628 1101 2698 ἐβούλευσαν
1132 2640 1181 2682 111
1212 2653 1286 2683 ras
1311 2638 1379 2682 Β2
1454 2639 1784 2713 ἐβουλεύσαντο
1817 2653 1874 2682 ex

200 2699 476 2774 ἐβούλευσαν
508 2712 607 2742 corr
637 2698 708 2754 1²,
740 2698 935 2743 fortasse
965 2700 1102 2752 recte,
1137 2699 1177 2742 si
1208 2711 1402 2752 sequens
1436 2697 1479 2741 οἱ
1513 2698 1693 2742 deletur
1767 2698 1874 2754 post

198 2758 474 2831 ἐβούλευσαν
516 2757 781 2814 interpunxi
819 2771 845 2802 e
876 2758 998 2811 PM,
1043 2734 1150 2814 p6st
1192 2757 1335 2814 μονὴν
1377 2757 1546 2811 reliqui
1587 2756 1697 2799 libri
1738 2756 1829 2800 edd
1864 2755 1868 2812 Ι

198 2817 281 2873 τὴν
313 2816 458 2873 μονὴν
489 2823 579 2860 τῶν
604 2815 802 2861 ἐλπίδων
827 2793 1089 2861 BMM’00a
1161 2867 1164 2870 Δ
1211 2821 1264 2860 13
1289 2814 1523 2869 κατάκρας
1547 2829 1572 2859 e
1595 2813 1700 2859 κατ’
1729 2814 1875 2870 ἄκρας

602 2875 788 2947 γλυκιον

201 2948 302 2978 corr
324 2935 358 2977 Ι
365 2934 381 2959 ²
518 2939 571 2978 16
603 2932 737 2990 ἥδιον
799 2936 844 2979 Β
