<?xml version="1.0" encoding="UTF-8"?>
<!DOCTYPE html PUBLIC "-//W3C//DTD XHTML 1.0 Transitional//EN"
    "http://www.w3.org/TR/xhtml1/DTD/xhtml1-transitional.dtd">
<html xmlns="http://www.w3.org/1999/xhtml" xml:lang="en" lang="en">
 <head>
  <title>
</title>
<meta http-equiv="Content-Type" content="text/html;charset=utf-8" />
  <meta name='ocr-system' content='tesseract 3.04.00' />
  <meta name='ocr-capabilities' content='ocr_page ocr_carea ocr_par ocr_line ocrx_word'/>
</head>
<body>
  <div class='ocr_page' id='page_1' title='image "./pt2operarecensu01libauoft_0207.png"; bbox 0 0 2090 3162; ppageno 0'>
   <div class='ocr_carea' id='block_1_1' title="bbox 727 103 1847 158">
    <p class='ocr_par' dir='ltr' id='par_1_1' title="bbox 727 103 1847 158">
     <span class='ocr_line' id='line_1_1' title="bbox 727 103 1847 158; baseline 0.002 -12"><span class='ocrx_word' id='word_1_1' title='bbox 727 103 953 147; x_wconf 76' lang='lat' dir='ltr'><strong>LfflANn</strong></span> <span class='ocrx_word' id='word_1_2' title='bbox 986 103 1207 148; x_wconf 80' lang='lat' dir='ltr'><strong>ORATIO</strong></span> <span class='ocrx_word' id='word_1_3' title='bbox 1240 105 1302 148; x_wconf 82' lang='lat' dir='ltr'><strong><em>XI</em></strong></span> <span class='ocrx_word' id='word_1_4' title='bbox 1745 106 1847 158; x_wconf 80' lang='lat'><strong><em>521</em></strong></span> 
     </span>
    </p>
   </div>
   <div class='ocr_carea' id='block_1_2' title="bbox 174 237 1932 1992">
    <p class='ocr_par' dir='ltr' id='par_1_2' title="bbox 174 237 1932 1992">
     <span class='ocr_line' id='line_1_2' title="bbox 174 237 1853 309; baseline 0.001 -18"><span class='ocrx_word' id='word_1_5' title='bbox 174 260 279 307; x_wconf 90' lang='grc' dir='ltr'><strong><em>ται,</em></strong></span> <span class='ocrx_word' id='word_1_6' title='bbox 320 237 451 307; x_wconf 76' lang='grc' dir='ltr'><strong><em>τῇδέ</em></strong></span> <span class='ocrx_word' id='word_1_7' title='bbox 478 258 570 307; x_wconf 89' lang='grc' dir='ltr'><strong><em>μοι</em></strong></span> <span class='ocrx_word' id='word_1_8' title='bbox 605 239 832 291; x_wconf 87' lang='grc' dir='ltr'><strong><em>δοκοῦσι</em></strong></span> <span class='ocrx_word' id='word_1_9' title='bbox 866 241 1117 292; x_wconf 86' lang='grc' dir='ltr'><strong><em>συνεῖναί</em></strong></span> <span class='ocrx_word' id='word_1_10' title='bbox 1153 259 1209 291; x_wconf 93' lang='grc' dir='ltr'><strong><em>τε</em></strong></span> <span class='ocrx_word' id='word_1_11' title='bbox 1248 241 1337 292; x_wconf 81' lang='grc' dir='ltr'><strong><em>καὶ</em></strong></span> <span class='ocrx_word' id='word_1_12' title='bbox 1370 241 1741 309; x_wconf 79' lang='grc' dir='ltr'><em>συνεδρεύειν,</em></span> <span class='ocrx_word' id='word_1_13' title='bbox 1782 242 1853 303; x_wconf 82' lang='grc' dir='ltr'><strong><em>ὡς</em></strong></span> 
     </span>
     <span class='ocr_line' id='line_1_3' title="bbox 175 326 1852 396; baseline 0.001 -16"><span class='ocrx_word' id='word_1_14' title='bbox 175 328 276 380; x_wconf 85' lang='grc' dir='ltr'><strong><em>οὐκ</em></strong></span> <span class='ocrx_word' id='word_1_15' title='bbox 326 326 396 380; x_wconf 76' lang='grc' dir='ltr'><strong><em>ἂν</em></strong></span> <span class='ocrx_word' id='word_1_16' title='bbox 446 326 506 379; x_wconf 81' lang='grc' dir='ltr'><strong><em>ἐν</em></strong></span> <span class='ocrx_word' id='word_1_17' title='bbox 556 329 805 379; x_wconf 78' lang='grc' dir='ltr'><strong><em>καλλίονι</em></strong></span> <span class='ocrx_word' id='word_1_18' title='bbox 865 328 1259 396; x_wconf 78' lang='grc' dir='ltr'><em>διατρίψαντες.</em></span> <span class='ocrx_word' id='word_1_19' title='bbox 1338 328 1459 380; x_wconf 80' lang='grc'><strong>238.</strong></span> <span class='ocrx_word' id='word_1_20' title='bbox 1518 337 1743 381; x_wconf 88' lang='grc' dir='ltr'><strong><em>τοιαῦτα</em></strong></span> <span class='ocrx_word' id='word_1_21' title='bbox 1794 327 1852 381; x_wconf 76' lang='grc' dir='ltr'><strong><em>δὲ</em></strong></span> 
     </span>
     <span class='ocr_line' id='line_1_4' title="bbox 176 413 1854 485; baseline 0 -16"><span class='ocrx_word' id='word_1_22' title='bbox 176 418 308 469; x_wconf 82' lang='grc' dir='ltr'><strong><em>ὄντα</em></strong></span> <span class='ocrx_word' id='word_1_23' title='bbox 358 415 391 467; x_wconf 79' lang='grc' dir='ltr'><strong><em>ἃ</em></strong></span> <span class='ocrx_word' id='word_1_24' title='bbox 443 413 739 483; x_wconf 79' lang='grc' dir='ltr'><em>διεξῆλθον</em></span> <span class='ocrx_word' id='word_1_25' title='bbox 778 416 843 468; x_wconf 88' lang='grc' dir='ltr'><strong><em>οὐ</em></strong></span> <span class='ocrx_word' id='word_1_26' title='bbox 884 418 1122 469; x_wconf 88' lang='grc' dir='ltr'><strong><em>τοσαῦτά</em></strong></span> <span class='ocrx_word' id='word_1_27' title='bbox 1161 415 1327 483; x_wconf 84' lang='grc' dir='ltr'><strong><em>ἐστιν,</em></strong></span> <span class='ocrx_word' id='word_1_28' title='bbox 1378 418 1514 469; x_wconf 82' lang='grc' dir='ltr'><strong><em>ὥστε</em></strong></span> <span class='ocrx_word' id='word_1_29' title='bbox 1554 418 1654 485; x_wconf 87' lang='grc' dir='ltr'><strong><em>τὴν</em></strong></span> <span class='ocrx_word' id='word_1_30' title='bbox 1691 417 1854 485; x_wconf 88' lang='grc' dir='ltr'><strong><em>ὑπερ-</em></strong></span> 
     </span>
     <span class='ocr_line' id='line_1_5' title="bbox 175 503 1855 573; baseline 0.001 -16"><span class='ocrx_word' id='word_1_31' title='bbox 175 505 348 572; x_wconf 85' lang='grc' dir='ltr'><strong><em>βολὴν</em></strong></span> <span class='ocrx_word' id='word_1_32' title='bbox 379 511 477 556; x_wconf 86' lang='grc' dir='ltr'><strong><em>τοῦ</em></strong></span> <span class='ocrx_word' id='word_1_33' title='bbox 517 504 753 566; x_wconf 77' lang='grc' dir='ltr'><strong><em>κάλλους</em></strong></span> <span class='ocrx_word' id='word_1_34' title='bbox 786 503 846 556; x_wconf 82' lang='grc' dir='ltr'><strong><em>ἐν</em></strong></span> <span class='ocrx_word' id='word_1_35' title='bbox 877 511 939 573; x_wconf 77' lang='grc' dir='ltr'><strong><em>τῇ</em></strong></span> <span class='ocrx_word' id='word_1_36' title='bbox 980 505 1278 573; x_wconf 78' lang='grc' dir='ltr'><em>βραχύτητι</em></span> <span class='ocrx_word' id='word_1_37' title='bbox 1310 514 1420 557; x_wconf 87' lang='grc' dir='ltr'><strong><em>τῶν</em></strong></span> <span class='ocrx_word' id='word_1_38' title='bbox 1452 507 1855 573; x_wconf 88' lang='grc' dir='ltr'><strong><em>μετειληφότων</em></strong></span> 
     </span>
     <span class='ocr_line' id='line_1_6' title="bbox 175 586 1922 663; baseline 0.002 -19"><span class='ocrx_word' id='word_1_39' title='bbox 175 598 274 644; x_wconf 89' lang='grc' dir='ltr'><strong><em>τοῦ</em></strong></span> <span class='ocrx_word' id='word_1_40' title='bbox 313 592 549 654; x_wconf 77' lang='grc' dir='ltr'><strong><em>κάλλους</em></strong></span> <span class='ocrx_word' id='word_1_41' title='bbox 588 592 892 645; x_wconf 78' lang='grc' dir='ltr'><strong><em>ἀπολλύναι</em></strong></span> <span class='ocrx_word' id='word_1_42' title='bbox 933 594 993 645; x_wconf 91' lang='grc' dir='ltr'><strong><em>τὸ</em></strong></span> <span class='ocrx_word' id='word_1_43' title='bbox 1032 598 1250 661; x_wconf 85' lang='grc' dir='ltr'><strong><em>θαῦμα,</em></strong></span> <span class='ocrx_word' id='word_1_44' title='bbox 1288 586 1411 646; x_wconf 83' lang='grc' dir='ltr'><strong><em>οἷον</em></strong></span> <span class='ocrx_word' id='word_1_45' title='bbox 1450 595 1515 646; x_wconf 91' lang='grc' dir='ltr'><strong><em>οὐ</em></strong></span> <span class='ocrx_word' id='word_1_46' title='bbox 1555 593 1715 646; x_wconf 80' lang='grc' dir='ltr'><em>πέντε</em></span> <span class='ocrx_word' id='word_1_47' title='bbox 1755 591 1855 663; x_wconf 74' lang='grc' dir='ltr'><strong><em>μὲν</em></strong></span> <span class='ocrx_word' id='word_1_48' title='bbox 1902 616 1922 648; x_wconf 83' lang='lat'><strong>5</strong></span> 
     </span>
     <span class='ocr_line' id='line_1_7' title="bbox 177 677 1856 751; baseline 0.001 -18"><span class='ocrx_word' id='word_1_49' title='bbox 177 682 362 748; x_wconf 82' lang='grc' dir='ltr'><strong><em>οἰκίαι,</em></strong></span> <span class='ocrx_word' id='word_1_50' title='bbox 392 688 557 748; x_wconf 81' lang='grc' dir='ltr'><strong><em>κῆποι</em></strong></span> <span class='ocrx_word' id='word_1_51' title='bbox 589 677 651 733; x_wconf 75' lang='grc' dir='ltr'><strong><em>δὲ</em></strong></span> <span class='ocrx_word' id='word_1_52' title='bbox 684 679 831 749; x_wconf 81' lang='grc' dir='ltr'><strong><em>ἑπτά,</em></strong></span> <span class='ocrx_word' id='word_1_53' title='bbox 865 682 1185 749; x_wconf 88' lang='grc' dir='ltr'><strong><em>κυπάριττοι</em></strong></span> <span class='ocrx_word' id='word_1_54' title='bbox 1220 681 1284 734; x_wconf 83' lang='grc' dir='ltr'><strong><em>δέ</em></strong></span> <span class='ocrx_word' id='word_1_55' title='bbox 1303 684 1627 751; x_wconf 74' lang='grc' dir='ltr'><strong><em>τριακόσιαι,</em></strong></span> <span class='ocrx_word' id='word_1_56' title='bbox 1652 684 1856 751; x_wconf 85' lang='grc' dir='ltr'><strong><em>λουτρὰ</em></strong></span> 
     </span>
     <span class='ocr_line' id='line_1_8' title="bbox 178 766 1858 838; baseline 0.002 -18"><span class='ocrx_word' id='word_1_57' title='bbox 178 769 239 822; x_wconf 76' lang='grc' dir='ltr'><strong><em>δὲ</em></strong></span> <span class='ocrx_word' id='word_1_58' title='bbox 277 772 426 838; x_wconf 89' lang='grc' dir='ltr'><strong><em>τριά,</em></strong></span> <span class='ocrx_word' id='word_1_59' title='bbox 474 768 611 821; x_wconf 78' lang='grc' dir='ltr'><strong><em>ἀλλὰ</em></strong></span> <span class='ocrx_word' id='word_1_60' title='bbox 657 770 795 821; x_wconf 82' lang='grc' dir='ltr'><strong><em>καλὰ</em></strong></span> <span class='ocrx_word' id='word_1_61' title='bbox 834 767 951 838; x_wconf 86' lang='grc' dir='ltr'><strong><em>με’ν,</em></strong></span> <span class='ocrx_word' id='word_1_62' title='bbox 1000 770 1070 831; x_wconf 79' lang='grc' dir='ltr'><strong><em>ὡς</em></strong></span> <span class='ocrx_word' id='word_1_63' title='bbox 1112 766 1279 822; x_wconf 74' lang='grc' dir='ltr'><strong><em>οὐδὲν</em></strong></span> <span class='ocrx_word' id='word_1_64' title='bbox 1318 771 1544 837; x_wconf 82' lang='grc' dir='ltr'><strong><em>ἄλλοθι,</em></strong></span> <span class='ocrx_word' id='word_1_65' title='bbox 1590 773 1755 823; x_wconf 87' lang='grc' dir='ltr'><em>πλείω</em></span> <span class='ocrx_word' id='word_1_66' title='bbox 1797 772 1858 824; x_wconf 84' lang='grc' dir='ltr'><strong><em>δὲ</em></strong></span> 
     </span>
     <span class='ocr_line' id='line_1_9' title="bbox 177 857 1859 928; baseline 0.002 -19"><span class='ocrx_word' id='word_1_67' title='bbox 177 857 209 925; x_wconf 80' lang='grc' dir='ltr'>ἢ</span> <span class='ocrx_word' id='word_1_68' title='bbox 243 861 444 910; x_wconf 83' lang='grc' dir='ltr'><strong><em>καλλίω</em></strong></span> <span class='ocrx_word' id='word_1_69' title='bbox 477 859 542 910; x_wconf 81' lang='grc' dir='ltr'><strong><em>τὰ</em></strong></span> <span class='ocrx_word' id='word_1_70' title='bbox 573 858 763 909; x_wconf 90' lang='grc' dir='ltr'><strong><em>πάντα.</em></strong></span> <span class='ocrx_word' id='word_1_71' title='bbox 826 857 949 910; x_wconf 78' lang='grc'><strong>239.</strong></span> <span class='ocrx_word' id='word_1_72' title='bbox 991 858 1133 910; x_wconf 83' lang='grc' dir='ltr'><strong><em>οὕτω</em></strong></span> <span class='ocrx_word' id='word_1_73' title='bbox 1167 859 1270 928; x_wconf 78' lang='grc' dir='ltr'><strong><em>γὰρ</em></strong></span> <span class='ocrx_word' id='word_1_74' title='bbox 1311 859 1387 921; x_wconf 81' lang='grc' dir='ltr'><strong><em>εἰς</em></strong></span> <span class='ocrx_word' id='word_1_75' title='bbox 1417 863 1630 926; x_wconf 82' lang='grc' dir='ltr'><strong><em>πλῆθος</em></strong></span> <span class='ocrx_word' id='word_1_76' title='bbox 1661 858 1859 912; x_wconf 83' lang='grc' dir='ltr'><strong><em>ἕκαστα</em></strong></span> 
     </span>
     <span class='ocr_line' id='line_1_10' title="bbox 177 945 1858 1017; baseline 0.001 -18"><span class='ocrx_word' id='word_1_77' title='bbox 177 948 388 999; x_wconf 88' lang='grc' dir='ltr'><strong><em>τούτων</em></strong></span> <span class='ocrx_word' id='word_1_78' title='bbox 419 945 688 1014; x_wconf 83' lang='grc' dir='ltr'><strong><em>κέκτηται,</em></strong></span> <span class='ocrx_word' id='word_1_79' title='bbox 729 947 866 999; x_wconf 83' lang='grc' dir='ltr'><strong><em>ὥστε</em></strong></span> <span class='ocrx_word' id='word_1_80' title='bbox 899 947 1045 999; x_wconf 87' lang='grc' dir='ltr'><strong><em>αἰδοῖ</em></strong></span> <span class='ocrx_word' id='word_1_81' title='bbox 1076 954 1171 1014; x_wconf 80' lang='grc' dir='ltr'><strong><em>τῆς</em></strong></span> <span class='ocrx_word' id='word_1_82' title='bbox 1202 949 1408 1009; x_wconf 81' lang='grc' dir='ltr'><strong><em>πόλεως</em></strong></span> <span class='ocrx_word' id='word_1_83' title='bbox 1439 947 1500 1000; x_wconf 82' lang='grc' dir='ltr'><strong><em>ἐν</em></strong></span> <span class='ocrx_word' id='word_1_84' title='bbox 1530 950 1858 1017; x_wconf 84' lang='grc' dir='ltr'><strong><em>προαστείου</em></strong></span> 
     </span>
     <span class='ocr_line' id='line_1_11' title="bbox 177 1033 1925 1104; baseline 0.001 -16"><span class='ocrx_word' id='word_1_85' title='bbox 177 1034 322 1098; x_wconf 81' lang='grc' dir='ltr'><em>τάξει</em></span> <span class='ocrx_word' id='word_1_86' title='bbox 354 1033 671 1104; x_wconf 75' lang='grc' dir='ltr'><em>μεμένηκεν,</em></span> <span class='ocrx_word' id='word_1_87' title='bbox 712 1034 1077 1103; x_wconf 78' lang='grc' dir='ltr'><em>ἀμφισβητεῖν</em></span> <span class='ocrx_word' id='word_1_88' title='bbox 1108 1033 1168 1087; x_wconf 75' lang='grc' dir='ltr'><strong><em>δὲ</em></strong></span> <span class='ocrx_word' id='word_1_89' title='bbox 1200 1034 1507 1104; x_wconf 79' lang='grc' dir='ltr'><strong><em>βουλομένη</em></strong></span> <span class='ocrx_word' id='word_1_90' title='bbox 1539 1038 1768 1088; x_wconf 89' lang='grc' dir='ltr'><strong><em>πόλεσιν</em></strong></span> <span class='ocrx_word' id='word_1_91' title='bbox 1799 1035 1858 1089; x_wconf 82' lang='grc' dir='ltr'><strong><em>ἐκ</em></strong></span> <span class='ocrx_word' id='word_1_92' title='bbox 1883 1059 1925 1091; x_wconf 78' lang='grc' dir='ltr'><strong><em>ιο</em></strong></span> 
     </span>
     <span class='ocr_line' id='line_1_12' title="bbox 178 1122 1859 1193; baseline 0 -17"><span class='ocrx_word' id='word_1_93' title='bbox 178 1128 398 1177; x_wconf 84' lang='grc' dir='ltr'><strong><em>πολλῶν</em></strong></span> <span class='ocrx_word' id='word_1_94' title='bbox 437 1125 547 1193; x_wconf 82' lang='grc' dir='ltr'><strong><em>ἔχει</em></strong></span> <span class='ocrx_word' id='word_1_95' title='bbox 586 1124 647 1176; x_wconf 89' lang='grc' dir='ltr'><strong><em>τὸ</em></strong></span> <span class='ocrx_word' id='word_1_96' title='bbox 697 1132 875 1191; x_wconf 82' lang='grc' dir='ltr'><strong><em>νικᾶν,</em></strong></span> <span class='ocrx_word' id='word_1_97' title='bbox 925 1123 958 1191; x_wconf 80' lang='grc' dir='ltr'><em>ἣ</em></span> <span class='ocrx_word' id='word_1_98' title='bbox 998 1122 1089 1176; x_wconf 87' lang='grc' dir='ltr'><strong><em>καὶ</em></strong></span> <span class='ocrx_word' id='word_1_99' title='bbox 1123 1122 1398 1190; x_wconf 90' lang='grc' dir='ltr'><strong><em>Ῥωμαίων</em></strong></span> <span class='ocrx_word' id='word_1_100' title='bbox 1445 1125 1610 1186; x_wconf 83' lang='grc' dir='ltr'><strong><em>ὅσους</em></strong></span> <span class='ocrx_word' id='word_1_101' title='bbox 1658 1126 1859 1187; x_wconf 82' lang='grc' dir='ltr'><strong><em>θεατὰς</em></strong></span> 
     </span>
     <span class='ocr_line' id='line_1_13' title="bbox 181 1211 1860 1281; baseline -0.001 -15"><span class='ocrx_word' id='word_1_102' title='bbox 181 1214 366 1281; x_wconf 78' lang='grc' dir='ltr'><strong><em>ἔλαβε,</em></strong></span> <span class='ocrx_word' id='word_1_103' title='bbox 417 1214 667 1280; x_wconf 84' lang='grc' dir='ltr'><strong><em>νενίκηκε</em></strong></span> <span class='ocrx_word' id='word_1_104' title='bbox 716 1214 949 1265; x_wconf 88' lang='grc' dir='ltr'><strong><em>πείσασα</em></strong></span> <span class='ocrx_word' id='word_1_105' title='bbox 998 1211 1186 1280; x_wconf 83' lang='grc' dir='ltr'><em>μηκέτι</em></span> <span class='ocrx_word' id='word_1_106' title='bbox 1234 1214 1335 1281; x_wconf 88' lang='grc' dir='ltr'><strong><em>τὴν</em></strong></span> <span class='ocrx_word' id='word_1_107' title='bbox 1378 1211 1615 1265; x_wconf 86' lang='grc' dir='ltr'><strong><em>Ἰταλίαν</em></strong></span> <span class='ocrx_word' id='word_1_108' title='bbox 1663 1213 1860 1281; x_wconf 86' lang='grc' dir='ltr'><em>ὑμνεῖν</em></span> 
     </span>
     <span class='ocr_line' id='line_1_14' title="bbox 178 1299 1861 1369; baseline -0.001 -15"><span class='ocrx_word' id='word_1_109' title='bbox 178 1301 251 1363; x_wconf 83' lang='grc' dir='ltr'><strong><em>ὡς</em></strong></span> <span class='ocrx_word' id='word_1_110' title='bbox 313 1301 581 1369; x_wconf 79' lang='grc' dir='ltr'><strong><em>ἀήττητον</em></strong></span> <span class='ocrx_word' id='word_1_111' title='bbox 640 1302 706 1353; x_wconf 78' lang='grc' dir='ltr'><strong><em>τὰ</em></strong></span> <span class='ocrx_word' id='word_1_112' title='bbox 766 1307 1007 1354; x_wconf 87' lang='grc' dir='ltr'><strong><em>τοιαῦτα.</em></strong></span> <span class='ocrx_word' id='word_1_113' title='bbox 1100 1301 1221 1353; x_wconf 78' lang='grc'><strong>240.</strong></span> <span class='ocrx_word' id='word_1_114' title='bbox 1283 1301 1586 1369; x_wconf 90' lang='grc' dir='ltr'><strong><em>κεφάλαιον</em></strong></span> <span class='ocrx_word' id='word_1_115' title='bbox 1638 1299 1698 1354; x_wconf 78' lang='grc' dir='ltr'><strong><em>δὲ</em></strong></span> <span class='ocrx_word' id='word_1_116' title='bbox 1751 1310 1861 1353; x_wconf 83' lang='grc' dir='ltr'><strong><em>τῶν</em></strong></span> 
     </span>
     <span class='ocr_line' id='line_1_15' title="bbox 178 1385 1862 1458; baseline -0.001 -16"><span class='ocrx_word' id='word_1_117' title='bbox 178 1389 414 1457; x_wconf 80' lang='grc' dir='ltr'><em>Δάφνης</em></span> <span class='ocrx_word' id='word_1_118' title='bbox 447 1394 648 1458; x_wconf 85' lang='grc' dir='ltr'><strong><em>καλῶν,</em></strong></span> <span class='ocrx_word' id='word_1_119' title='bbox 681 1385 832 1456; x_wconf 86' lang='grc' dir='ltr'><strong><em>οἶμαι</em></strong></span> <span class='ocrx_word' id='word_1_120' title='bbox 864 1385 924 1441; x_wconf 74' lang='grc' dir='ltr'><strong><em>δὲ</em></strong></span> <span class='ocrx_word' id='word_1_121' title='bbox 948 1387 1038 1441; x_wconf 83' lang='grc' dir='ltr'><strong><em>καὶ</em></strong></span> <span class='ocrx_word' id='word_1_122' title='bbox 1070 1396 1163 1457; x_wconf 82' lang='grc' dir='ltr'><strong><em>τῆς</em></strong></span> <span class='ocrx_word' id='word_1_123' title='bbox 1194 1396 1292 1457; x_wconf 79' lang='grc' dir='ltr'><strong><em>γῆς</em></strong></span> <span class='ocrx_word' id='word_1_124' title='bbox 1317 1389 1523 1458; x_wconf 85' lang='grc' dir='ltr'><strong><em>ἁπάσης</em></strong></span> <span class='ocrx_word' id='word_1_125' title='bbox 1548 1391 1602 1442; x_wconf 85' lang='grc' dir='ltr'><strong><em>αἱ</em></strong></span> <span class='ocrx_word' id='word_1_126' title='bbox 1626 1390 1862 1458; x_wconf 80' lang='grc' dir='ltr'><em>Δάφνης</em></span> 
     </span>
     <span class='ocr_line' id='line_1_16' title="bbox 181 1477 1930 1546; baseline 0.002 -17"><span class='ocrx_word' id='word_1_127' title='bbox 181 1480 363 1546; x_wconf 83' lang='grc' dir='ltr'><strong><em>πηγαί.</em></strong></span> <span class='ocrx_word' id='word_1_128' title='bbox 457 1479 529 1540; x_wconf 81' lang='grc' dir='ltr'><strong><em>ὡς</em></strong></span> <span class='ocrx_word' id='word_1_129' title='bbox 583 1478 829 1544; x_wconf 86' lang='grc' dir='ltr'><strong><em>οὐδαμοῦ</em></strong></span> <span class='ocrx_word' id='word_1_130' title='bbox 884 1477 916 1545; x_wconf 84' lang='grc' dir='ltr'>ἡ</span> <span class='ocrx_word' id='word_1_131' title='bbox 972 1484 1038 1544; x_wconf 77' lang='grc' dir='ltr'><strong><em>γῆ</em></strong></span> <span class='ocrx_word' id='word_1_132' title='bbox 1094 1479 1352 1545; x_wconf 88' lang='grc' dir='ltr'><strong><em>τοιαύτην</em></strong></span> <span class='ocrx_word' id='word_1_133' title='bbox 1405 1480 1550 1531; x_wconf 84' lang='grc' dir='ltr'><strong><em>ἔτεκε</em></strong></span> <span class='ocrx_word' id='word_1_134' title='bbox 1609 1479 1864 1544; x_wconf 85' lang='grc' dir='ltr'><em>ναμάτων</em></span> <span class='ocrx_word' id='word_1_135' title='bbox 1887 1500 1930 1533; x_wconf 76' lang='lat'><strong><em>15</em></strong></span> 
     </span>
     <span class='ocr_line' id='line_1_17' title="bbox 182 1566 1863 1635; baseline 0.001 -17"><span class='ocrx_word' id='word_1_136' title='bbox 182 1567 357 1634; x_wconf 92' lang='grc' dir='ltr'><strong><em>φύσιν</em></strong></span> <span class='ocrx_word' id='word_1_137' title='bbox 412 1566 539 1619; x_wconf 78' lang='grc' dir='ltr'><strong><em>οὔτε</em></strong></span> <span class='ocrx_word' id='word_1_138' title='bbox 597 1567 738 1618; x_wconf 88' lang='grc' dir='ltr'><strong><em>ι’δεῖν</em></strong></span> <span class='ocrx_word' id='word_1_139' title='bbox 792 1567 918 1618; x_wconf 81' lang='grc' dir='ltr'><strong><em>οὔτε</em></strong></span> <span class='ocrx_word' id='word_1_140' title='bbox 973 1568 1296 1635; x_wconf 82' lang='grc' dir='ltr'><strong><em>χρήσασθαι.</em></strong></span> <span class='ocrx_word' id='word_1_141' title='bbox 1383 1569 1642 1634; x_wconf 83' lang='grc' dir='ltr'><em>Νυμφῶν</em></span> <span class='ocrx_word' id='word_1_142' title='bbox 1693 1586 1863 1619; x_wconf 86' lang='grc' dir='ltr'><strong><em>τινων</em></strong></span> 
     </span>
     <span class='ocr_line' id='line_1_18' title="bbox 182 1653 1863 1724; baseline 0.001 -18"><span class='ocrx_word' id='word_1_143' title='bbox 182 1662 352 1708; x_wconf 89' lang='grc' dir='ltr'><strong><em>ταῦτα</em></strong></span> <span class='ocrx_word' id='word_1_144' title='bbox 391 1657 661 1723; x_wconf 88' lang='grc' dir='ltr'><strong><em>βασίλεια,</em></strong></span> <span class='ocrx_word' id='word_1_145' title='bbox 700 1655 792 1707; x_wconf 80' lang='grc' dir='ltr'><strong><em>καὶ</em></strong></span> <span class='ocrx_word' id='word_1_146' title='bbox 823 1662 919 1722; x_wconf 79' lang='grc' dir='ltr'><strong><em>τῆς</em></strong></span> <span class='ocrx_word' id='word_1_147' title='bbox 950 1653 1177 1707; x_wconf 80' lang='grc' dir='ltr'><em>ἐκείνων</em></span> <span class='ocrx_word' id='word_1_148' title='bbox 1208 1655 1415 1723; x_wconf 83' lang='grc' dir='ltr'><em>δωρεᾶς</em></span> <span class='ocrx_word' id='word_1_149' title='bbox 1445 1655 1504 1707; x_wconf 92' lang='grc' dir='ltr'><strong><em>τὸ</em></strong></span> <span class='ocrx_word' id='word_1_150' title='bbox 1543 1656 1863 1724; x_wconf 86' lang='grc' dir='ltr'><strong><em>καθαρώτα-</em></strong></span> 
     </span>
     <span class='ocr_line' id='line_1_19' title="bbox 181 1741 1864 1813; baseline -0.001 -17"><span class='ocrx_word' id='word_1_151' title='bbox 181 1763 279 1796; x_wconf 90' lang='grc' dir='ltr'><strong><em>τον</em></strong></span> <span class='ocrx_word' id='word_1_152' title='bbox 329 1742 420 1796; x_wconf 84' lang='grc' dir='ltr'><strong><em>καὶ</em></strong></span> <span class='ocrx_word' id='word_1_153' title='bbox 470 1742 949 1813; x_wconf 78' lang='grc' dir='ltr'><strong><em>εἰλικρινέστατον.</em></strong></span> <span class='ocrx_word' id='word_1_154' title='bbox 1027 1743 1149 1795; x_wconf 78' lang='grc'>241.</span> <span class='ocrx_word' id='word_1_155' title='bbox 1200 1741 1290 1795; x_wconf 87' lang='grc' dir='ltr'><strong><em>καὶ</em></strong></span> <span class='ocrx_word' id='word_1_156' title='bbox 1338 1744 1405 1811; x_wconf 82' lang='grc' dir='ltr'><strong><em>δὴ</em></strong></span> <span class='ocrx_word' id='word_1_157' title='bbox 1456 1741 1546 1795; x_wconf 85' lang='grc' dir='ltr'><strong><em>καὶ</em></strong></span> <span class='ocrx_word' id='word_1_158' title='bbox 1597 1745 1730 1811; x_wconf 82' lang='grc' dir='ltr'><strong><em>φαίη</em></strong></span> <span class='ocrx_word' id='word_1_159' title='bbox 1782 1762 1864 1805; x_wconf 82' lang='grc' dir='ltr'><strong><em>τις</em></strong></span> 
     </span>
     <span class='ocr_line' id='line_1_20' title="bbox 181 1827 1864 1903; baseline 0.001 -21"><span class='ocrx_word' id='word_1_160' title='bbox 181 1829 251 1883; x_wconf 72' lang='grc' dir='ltr'><strong><em>ἂν</em></strong></span> <span class='ocrx_word' id='word_1_161' title='bbox 302 1831 403 1900; x_wconf 86' lang='grc' dir='ltr'><strong><em>οὐχ</em></strong></span> <span class='ocrx_word' id='word_1_162' title='bbox 451 1827 618 1900; x_wconf 83' lang='grc' dir='ltr'><strong><em>ἧττον</em></strong></span> <span class='ocrx_word' id='word_1_163' title='bbox 667 1833 882 1900; x_wconf 82' lang='grc' dir='ltr'><em>χαίρειν</em></span> <span class='ocrx_word' id='word_1_164' title='bbox 930 1837 1004 1903; x_wconf 81' lang='grc' dir='ltr'><strong><em>τῷ</em></strong></span> <span class='ocrx_word' id='word_1_165' title='bbox 1050 1833 1198 1902; x_wconf 79' lang='grc' dir='ltr'><strong><em>τόπςο</em></strong></span> <span class='ocrx_word' id='word_1_166' title='bbox 1248 1832 1344 1893; x_wconf 80' lang='grc' dir='ltr'><strong><em>τὰς</em></strong></span> <span class='ocrx_word' id='word_1_167' title='bbox 1391 1832 1527 1894; x_wconf 82' lang='grc' dir='ltr'><strong><em>θεὰς</em></strong></span> <span class='ocrx_word' id='word_1_168' title='bbox 1573 1830 1605 1899; x_wconf 83' lang='grc' dir='ltr'>ἢ</span> <span class='ocrx_word' id='word_1_169' title='bbox 1652 1839 1715 1901; x_wconf 79' lang='grc' dir='ltr'><strong><em>τῇ</em></strong></span> <span class='ocrx_word' id='word_1_170' title='bbox 1763 1831 1864 1900; x_wconf 80' lang='grc' dir='ltr'><strong><em>μὲν</em></strong></span> 
     </span>
     <span class='ocr_line' id='line_1_21' title="bbox 184 1917 1932 1992; baseline 0.001 -20"><span class='ocrx_word' id='word_1_171' title='bbox 184 1922 332 1989; x_wconf 83' lang='grc' dir='ltr'><strong><em>Πίσῃ</em></strong></span> <span class='ocrx_word' id='word_1_172' title='bbox 379 1920 476 1972; x_wconf 91' lang='grc' dir='ltr'><strong><em>τὸν</em></strong></span> <span class='ocrx_word' id='word_1_173' title='bbox 515 1922 651 1987; x_wconf 88' lang='grc' dir='ltr'><strong><em>Δία,</em></strong></span> <span class='ocrx_word' id='word_1_174' title='bbox 696 1926 771 1991; x_wconf 80' lang='grc' dir='ltr'><strong><em>τῷ</em></strong></span> <span class='ocrx_word' id='word_1_175' title='bbox 812 1917 874 1972; x_wconf 77' lang='grc' dir='ltr'><strong><em>δὲ</em></strong></span> <span class='ocrx_word' id='word_1_176' title='bbox 916 1918 1123 1992; x_wconf 79' lang='grc' dir='ltr'><strong><em>Ἰσθμῷ</em></strong></span> <span class='ocrx_word' id='word_1_177' title='bbox 1163 1920 1260 1972; x_wconf 91' lang='grc' dir='ltr'><strong><em>τὸν</em></strong></span> <span class='ocrx_word' id='word_1_178' title='bbox 1300 1921 1580 1988; x_wconf 81' lang='grc' dir='ltr'><strong><em>Ποσειδῶ,</em></strong></span> <span class='ocrx_word' id='word_1_179' title='bbox 1619 1923 1864 1987; x_wconf 82' lang='grc' dir='ltr'><strong><em>Δελφοῖς</em></strong></span> <span class='ocrx_word' id='word_1_180' title='bbox 1886 1941 1932 1974; x_wconf 68' lang='grc' dir='ltr'><strong><em>2ο</em></strong></span> 
     </span>
    </p>
   </div>
   <div class='ocr_carea' id='block_1_3' title="bbox 185 2061 538 2067">
    <p class='ocr_par' dir='ltr' id='par_1_3' title="bbox 185 2061 538 2067">
     <span class='ocr_line' id='line_1_22' title="bbox 185 2061 538 2067; baseline 0 0"><span class='ocrx_word' id='word_1_181' title='bbox 185 2061 538 2067; x_wconf 95' lang='lat' dir='ltr'><strong><em> </em></strong></span> 
     </span>
    </p>
   </div>
   <div class='ocr_carea' id='block_1_4' title="bbox 183 2150 1866 2389">
    <p class='ocr_par' dir='ltr' id='par_1_4' title="bbox 183 2150 1866 2389">
     <span class='ocr_line' id='line_1_23' title="bbox 303 2150 1806 2210; baseline -0.001 -13"><span class='ocrx_word' id='word_1_182' title='bbox 303 2157 328 2196; x_wconf 84' lang='grc'><strong>2</strong></span> <span class='ocrx_word' id='word_1_183' title='bbox 363 2153 411 2197; x_wconf 81' lang='grc' dir='ltr'><strong><em>ἐν</em></strong></span> <span class='ocrx_word' id='word_1_184' title='bbox 444 2167 518 2197; x_wconf 91' lang='lat' dir='ltr'><strong><em>om</em></strong></span> <span class='ocrx_word' id='word_1_185' title='bbox 549 2153 640 2207; x_wconf 83' lang='lat' dir='ltr'><strong><em>Re,</em></strong></span> <span class='ocrx_word' id='word_1_186' title='bbox 677 2154 800 2210; x_wconf 89' lang='lat' dir='ltr'>quod</span> <span class='ocrx_word' id='word_1_187' title='bbox 833 2153 957 2197; x_wconf 86' lang='lat' dir='ltr'>inser</span> <span class='ocrx_word' id='word_1_188' title='bbox 989 2152 1191 2196; x_wconf 76' lang='lat' dir='ltr'><strong>Sintenis</strong></span> <span class='ocrx_word' id='word_1_189' title='bbox 1230 2153 1236 2210; x_wconf 92' lang='grc' dir='ltr'>Ι</span> <span class='ocrx_word' id='word_1_190' title='bbox 1276 2150 1600 2210; x_wconf 82' lang='grc' dir='ltr'><strong><em>διατρίψοντες</em></strong></span> <span class='ocrx_word' id='word_1_191' title='bbox 1633 2153 1806 2198; x_wconf 82' lang='lat' dir='ltr'><em>MBGa</em></span> 
     </span>
     <span class='ocr_line' id='line_1_24' title="bbox 185 2210 1864 2268; baseline 0.001 -13"><span class='ocrx_word' id='word_1_192' title='bbox 185 2217 211 2254; x_wconf 81' lang='lat'>4</span> <span class='ocrx_word' id='word_1_193' title='bbox 242 2212 294 2256; x_wconf 75' lang='grc' dir='ltr'><strong><em>ἐν</em></strong></span> <span class='ocrx_word' id='word_1_194' title='bbox 325 2238 380 2244; x_wconf 89' lang='grc'>-</span> <span class='ocrx_word' id='word_1_195' title='bbox 415 2217 440 2256; x_wconf 88' lang='lat'>5</span> <span class='ocrx_word' id='word_1_196' title='bbox 466 2211 662 2262; x_wconf 78' lang='grc' dir='ltr'><strong><em>κάλλους</em></strong></span> <span class='ocrx_word' id='word_1_197' title='bbox 690 2213 740 2255; x_wconf 91' lang='lat' dir='ltr'><strong><em>in</em></strong></span> <span class='ocrx_word' id='word_1_198' title='bbox 771 2226 904 2268; x_wconf 78' lang='lat' dir='ltr'><strong>marg</strong></span> <span class='ocrx_word' id='word_1_199' title='bbox 926 2213 972 2256; x_wconf 87' lang='lat' dir='ltr'><strong><em>A</em></strong></span> <span class='ocrx_word' id='word_1_200' title='bbox 1005 2213 1053 2255; x_wconf 78' lang='lat' dir='ltr'><strong><em>et</em></strong></span> <span class='ocrx_word' id='word_1_201' title='bbox 1086 2210 1145 2257; x_wconf 66' lang='lat' dir='ltr'><strong><em>Cf</em></strong></span> <span class='ocrx_word' id='word_1_202' title='bbox 1209 2225 1283 2255; x_wconf 91' lang='lat' dir='ltr'><strong><em>om</em></strong></span> <span class='ocrx_word' id='word_1_203' title='bbox 1308 2211 1409 2255; x_wconf 88' lang='lat' dir='ltr'><strong><em>Mor</em></strong></span> <span class='ocrx_word' id='word_1_204' title='bbox 1540 2216 1565 2254; x_wconf 83' lang='lat'>5</span> <span class='ocrx_word' id='word_1_205' title='bbox 1598 2227 1618 2255; x_wconf 85' lang='grc' dir='ltr'><strong><em>ε</em></strong></span> <span class='ocrx_word' id='word_1_206' title='bbox 1649 2211 1698 2254; x_wconf 88' lang='lat' dir='ltr'><strong><em>in</em></strong></span> <span class='ocrx_word' id='word_1_207' title='bbox 1727 2210 1864 2256; x_wconf 83' lang='grc' dir='ltr'><strong><em>πέντε</em></strong></span> 
     </span>
     <span class='ocr_line' id='line_1_25' title="bbox 183 2267 1865 2327; baseline 0.001 -14"><span class='ocrx_word' id='word_1_208' title='bbox 183 2271 231 2314; x_wconf 90' lang='lat' dir='ltr'><strong><em>in</em></strong></span> <span class='ocrx_word' id='word_1_209' title='bbox 256 2284 331 2314; x_wconf 77' lang='lat' dir='ltr'><strong><em>ras</em></strong></span> <span class='ocrx_word' id='word_1_210' title='bbox 355 2272 390 2314; x_wconf 92' lang='lat' dir='ltr'><strong><em>I</em></strong></span> <span class='ocrx_word' id='word_1_211' title='bbox 443 2269 574 2315; x_wconf 83' lang='grc' dir='ltr'><strong><em>πέντ’</em></strong></span> <span class='ocrx_word' id='word_1_212' title='bbox 607 2272 651 2315; x_wconf 92' lang='lat' dir='ltr'><em>U</em></span> <span class='ocrx_word' id='word_1_213' title='bbox 757 2276 782 2314; x_wconf 88' lang='lat'>9</span> <span class='ocrx_word' id='word_1_214' title='bbox 808 2269 1050 2327; x_wconf 79' lang='grc' dir='ltr'><strong><em>κέκτηνται</em></strong></span> <span class='ocrx_word' id='word_1_215' title='bbox 1076 2271 1160 2315; x_wconf 87' lang='lat' dir='ltr'><strong><em>Mo</em></strong></span> <span class='ocrx_word' id='word_1_216' title='bbox 1275 2275 1327 2313; x_wconf 94' lang='grc'><strong><em>11</em></strong></span> <span class='ocrx_word' id='word_1_217' title='bbox 1356 2267 1490 2320; x_wconf 80' lang='grc' dir='ltr'><strong><em>ὅσους</em></strong></span> <span class='ocrx_word' id='word_1_218' title='bbox 1514 2297 1567 2303; x_wconf 94' lang='grc'><strong>-</strong></span> <span class='ocrx_word' id='word_1_219' title='bbox 1596 2274 1649 2314; x_wconf 86' lang='grc'>13</span> <span class='ocrx_word' id='word_1_220' title='bbox 1673 2277 1865 2314; x_wconf 86' lang='grc' dir='ltr'><strong><em>τοιαῦτα</em></strong></span> 
     </span>
     <span class='ocr_line' id='line_1_26' title="bbox 186 2327 1866 2389; baseline -0.001 -16"><span class='ocrx_word' id='word_1_221' title='bbox 186 2330 302 2373; x_wconf 72' lang='lat' dir='ltr'><strong>citat</strong></span> <span class='ocrx_word' id='word_1_222' title='bbox 331 2329 449 2373; x_wconf 81' lang='lat' dir='ltr'>Plan</span> <span class='ocrx_word' id='word_1_223' title='bbox 480 2329 557 2373; x_wconf 90' lang='lat' dir='ltr'>fol.</span> <span class='ocrx_word' id='word_1_224' title='bbox 585 2334 665 2373; x_wconf 76' lang='lat' dir='ltr'><strong><em>99v</em></strong></span> <span class='ocrx_word' id='word_1_225' title='bbox 816 2334 869 2373; x_wconf 83' lang='lat'><strong><em>12</em></strong></span> <span class='ocrx_word' id='word_1_226' title='bbox 903 2327 1041 2389; x_wconf 78' lang='grc' dir='ltr'><strong><em>ᾕρηκε</em></strong></span> <span class='ocrx_word' id='word_1_227' title='bbox 1074 2328 1218 2373; x_wconf 72' lang='lat' dir='ltr'>Cobet</span> <span class='ocrx_word' id='word_1_228' title='bbox 1248 2329 1415 2373; x_wconf 83' lang='lat' dir='ltr'><strong>Mnem.</strong></span> <span class='ocrx_word' id='word_1_229' title='bbox 1449 2328 1490 2372; x_wconf 92' lang='lat' dir='ltr'>X</span> <span class='ocrx_word' id='word_1_230' title='bbox 1523 2333 1628 2383; x_wconf 77' lang='lat'><strong><em>1973</em></strong></span> <span class='ocrx_word' id='word_1_231' title='bbox 1659 2328 1714 2372; x_wconf 90' lang='lat' dir='ltr'><strong><em>N.</em></strong></span> <span class='ocrx_word' id='word_1_232' title='bbox 1750 2328 1791 2372; x_wconf 88' lang='lat' dir='ltr'><strong><em>S.</em></strong></span> <span class='ocrx_word' id='word_1_233' title='bbox 1823 2329 1866 2371; x_wconf 93' lang='lat' dir='ltr'><strong>V</strong></span> 
     </span>
    </p>
   </div>
   <div class='ocr_carea' id='block_1_5' title="bbox 186 2429 1869 2841">
    <p class='ocr_par' dir='ltr' id='par_1_5' title="bbox 186 2429 1869 2666">
     <span class='ocr_line' id='line_1_27' title="bbox 188 2429 1867 2489; baseline 0 -13"><span class='ocrx_word' id='word_1_234' title='bbox 188 2436 272 2476; x_wconf 93' lang='grc'><strong><em>110</em></strong></span> <span class='ocrx_word' id='word_1_235' title='bbox 339 2432 641 2489; x_wconf 75' lang='lat' dir='ltr'>praetulerim</span> <span class='ocrx_word' id='word_1_236' title='bbox 671 2431 891 2489; x_wconf 82' lang='grc' dir='ltr'><strong><em>κεκήληκε</em></strong></span> <span class='ocrx_word' id='word_1_237' title='bbox 933 2434 939 2488; x_wconf 83' lang='grc' dir='ltr'>Ι</span> <span class='ocrx_word' id='word_1_238' title='bbox 980 2431 1064 2488; x_wconf 87' lang='grc' dir='ltr'><strong><em>τὴν</em></strong></span> <span class='ocrx_word' id='word_1_239' title='bbox 1091 2429 1292 2476; x_wconf 82' lang='grc' dir='ltr'><strong><em>Ἰταλίαν</em></strong></span> <span class='ocrx_word' id='word_1_240' title='bbox 1343 2447 1455 2487; x_wconf 89' lang='grc' dir='ltr'><strong><em>τηνο</em></strong></span> <span class='ocrx_word' id='word_1_241' title='bbox 1487 2431 1603 2476; x_wconf 77' lang='lat' dir='ltr'><strong>Plan</strong></span> <span class='ocrx_word' id='word_1_242' title='bbox 1666 2429 1867 2476; x_wconf 82' lang='grc' dir='ltr'><strong><em>Ἰταλίαν</em></strong></span> 
     </span>
     <span class='ocr_line' id='line_1_28' title="bbox 189 2489 1865 2548; baseline 0.001 -14"><span class='ocrx_word' id='word_1_243' title='bbox 189 2490 352 2547; x_wconf 79' lang='lat' dir='ltr'>scripsi</span> <span class='ocrx_word' id='word_1_244' title='bbox 385 2505 491 2535; x_wconf 83' lang='lat' dir='ltr'><strong><em>oum</em></strong></span> <span class='ocrx_word' id='word_1_245' title='bbox 518 2490 691 2536; x_wconf 78' lang='lat' dir='ltr'>Cobeto</span> <span class='ocrx_word' id='word_1_246' title='bbox 724 2491 909 2548; x_wconf 84' lang='lat' dir='ltr'><strong>(Mnem.</strong></span> <span class='ocrx_word' id='word_1_247' title='bbox 935 2491 976 2534; x_wconf 89' lang='lat' dir='ltr'>X</span> <span class='ocrx_word' id='word_1_248' title='bbox 1003 2495 1109 2545; x_wconf 70' lang='lat'><strong><em>1983</em></strong></span> <span class='ocrx_word' id='word_1_249' title='bbox 1139 2491 1196 2534; x_wconf 82' lang='lat' dir='ltr'><strong><em>N.</em></strong></span> <span class='ocrx_word' id='word_1_250' title='bbox 1224 2490 1265 2534; x_wconf 90' lang='lat' dir='ltr'><strong><em>S.</em></strong></span> <span class='ocrx_word' id='word_1_251' title='bbox 1356 2494 1464 2543; x_wconf 72' lang='lat'><strong><em>4043</em></strong></span> <span class='ocrx_word' id='word_1_252' title='bbox 1497 2490 1539 2534; x_wconf 89' lang='lat' dir='ltr'><strong>V</strong></span> <span class='ocrx_word' id='word_1_253' title='bbox 1563 2495 1648 2535; x_wconf 91' lang='grc'><strong><em>110</em></strong></span> <span class='ocrx_word' id='word_1_254' title='bbox 1672 2513 1727 2527; x_wconf 89' lang='lat'>=</span> <span class='ocrx_word' id='word_1_255' title='bbox 1752 2489 1865 2535; x_wconf 77' lang='lat'>0011.</span> 
     </span>
     <span class='ocr_line' id='line_1_29' title="bbox 189 2547 1867 2608; baseline 0.001 -15"><span class='ocrx_word' id='word_1_256' title='bbox 189 2553 291 2606; x_wconf 82' lang='lat'>106)</span> <span class='ocrx_word' id='word_1_257' title='bbox 323 2552 371 2593; x_wconf 78' lang='lat' dir='ltr'><strong><em>et</em></strong></span> <span class='ocrx_word' id='word_1_258' title='bbox 400 2550 587 2596; x_wconf 78' lang='lat' dir='ltr'>Nabero</span> <span class='ocrx_word' id='word_1_259' title='bbox 619 2551 803 2608; x_wconf 78' lang='lat' dir='ltr'><strong>(Mnem.</strong></span> <span class='ocrx_word' id='word_1_260' title='bbox 829 2549 884 2593; x_wconf 89' lang='lat' dir='ltr'><strong><em>N.</em></strong></span> <span class='ocrx_word' id='word_1_261' title='bbox 905 2550 946 2592; x_wconf 90' lang='lat' dir='ltr'><strong><em>S.</em></strong></span> <span class='ocrx_word' id='word_1_262' title='bbox 973 2549 1080 2594; x_wconf 86' lang='lat' dir='ltr'><strong><em>XVI</em></strong></span> <span class='ocrx_word' id='word_1_263' title='bbox 1104 2553 1205 2606; x_wconf 85' lang='lat'>117)</span> <span class='ocrx_word' id='word_1_264' title='bbox 1237 2549 1339 2593; x_wconf 88' lang='lat' dir='ltr'><strong>coll.</strong></span> <span class='ocrx_word' id='word_1_265' title='bbox 1372 2549 1394 2592; x_wconf 94' lang='grc' dir='ltr'>Ι</span> <span class='ocrx_word' id='word_1_266' title='bbox 1417 2550 1642 2603; x_wconf 82' lang='lat' dir='ltr'>559‚17R</span> <span class='ocrx_word' id='word_1_267' title='bbox 1666 2547 1867 2594; x_wconf 81' lang='grc' dir='ltr'><strong><em>Ἰταλίαν</em></strong></span> 
     </span>
     <span class='ocr_line' id='line_1_30' title="bbox 186 2605 1869 2666; baseline 0 -14"><span class='ocrx_word' id='word_1_268' title='bbox 186 2609 271 2665; x_wconf 82' lang='grc' dir='ltr'><strong><em>τὴν</em></strong></span> <span class='ocrx_word' id='word_1_269' title='bbox 302 2608 447 2665; x_wconf 78' lang='grc' dir='ltr'><strong><em>καλὴν</em></strong></span> <span class='ocrx_word' id='word_1_270' title='bbox 520 2607 773 2654; x_wconf 79' lang='grc' dir='ltr'><strong><em>Γαλιλαίαν</em></strong></span> <span class='ocrx_word' id='word_1_271' title='bbox 811 2608 922 2652; x_wconf 88' lang='lat' dir='ltr'>libri</span> <span class='ocrx_word' id='word_1_272' title='bbox 955 2609 1056 2664; x_wconf 81' lang='lat' dir='ltr'>(sed</span> <span class='ocrx_word' id='word_1_273' title='bbox 1098 2605 1226 2665; x_wconf 84' lang='grc' dir='ltr'><strong><em>οἶμαι</em></strong></span> <span class='ocrx_word' id='word_1_274' title='bbox 1264 2606 1488 2666; x_wconf 80' lang='grc' dir='ltr'><strong><em>γαλατίαν</em></strong></span> <span class='ocrx_word' id='word_1_275' title='bbox 1520 2610 1582 2653; x_wconf 83' lang='lat' dir='ltr'><em>M</em></span> <span class='ocrx_word' id='word_1_276' title='bbox 1591 2607 1608 2633; x_wconf 78' lang='lat'><strong>¹</strong></span> <span class='ocrx_word' id='word_1_277' title='bbox 1645 2607 1694 2651; x_wconf 87' lang='lat' dir='ltr'><strong><em>in</em></strong></span> <span class='ocrx_word' id='word_1_278' title='bbox 1735 2622 1869 2664; x_wconf 70' lang='lat' dir='ltr'>marg</span> 
     </span>
    </p>

    <p class='ocr_par' dir='ltr' id='par_1_6' title="bbox 192 2665 1868 2784">
     <span class='ocr_line' id='line_1_31' title="bbox 244 2665 1868 2723; baseline 0 -12"><span class='ocrx_word' id='word_1_279' title='bbox 244 2665 497 2712; x_wconf 79' lang='grc' dir='ltr'><strong><em>Κουτιλίαν</em></strong></span> <span class='ocrx_word' id='word_1_280' title='bbox 538 2669 607 2712; x_wconf 82' lang='lat' dir='ltr'><strong><em>Re</em></strong></span> <span class='ocrx_word' id='word_1_281' title='bbox 630 2668 770 2712; x_wconf 85' lang='lat' dir='ltr'><strong>Anim</strong></span> <span class='ocrx_word' id='word_1_282' title='bbox 850 2665 1086 2712; x_wconf 78' lang='grc' dir='ltr'><strong><em>Γαλατίαν</em></strong></span> <span class='ocrx_word' id='word_1_283' title='bbox 1125 2666 1282 2711; x_wconf 78' lang='lat' dir='ltr'><strong>Gasda</strong></span> <span class='ocrx_word' id='word_1_284' title='bbox 1323 2666 1426 2711; x_wconf 88' lang='lat' dir='ltr'>coll.</span> <span class='ocrx_word' id='word_1_285' title='bbox 1465 2667 1487 2711; x_wconf 91' lang='grc' dir='ltr'>Ι</span> <span class='ocrx_word' id='word_1_286' title='bbox 1518 2672 1629 2722; x_wconf 83' lang='lat'>412,</span> <span class='ocrx_word' id='word_1_287' title='bbox 1654 2672 1680 2711; x_wconf 83' lang='lat'><strong>5</strong></span> <span class='ocrx_word' id='word_1_288' title='bbox 1703 2667 1745 2711; x_wconf 84' lang='lat' dir='ltr'><strong>R</strong></span> <span class='ocrx_word' id='word_1_289' title='bbox 1782 2667 1868 2723; x_wconf 82' lang='grc' dir='ltr'><strong><em>τὴν</em></strong></span> 
     </span>
     <span class='ocr_line' id='line_1_32' title="bbox 192 2725 1868 2784; baseline 0 -13"><span class='ocrx_word' id='word_1_290' title='bbox 192 2728 414 2772; x_wconf 74' lang='grc' dir='ltr'><strong><em>Γαλατῶν</em></strong></span> <span class='ocrx_word' id='word_1_291' title='bbox 445 2725 749 2784; x_wconf 80' lang='grc' dir='ltr'><strong><em>εὐδαιμονίαν</em></strong></span> <span class='ocrx_word' id='word_1_292' title='bbox 871 2731 925 2770; x_wconf 81' lang='grc'>13</span> <span class='ocrx_word' id='word_1_293' title='bbox 956 2726 1063 2782; x_wconf 85' lang='grc' dir='ltr'><strong><em>περὶ</em></strong></span> <span class='ocrx_word' id='word_1_294' title='bbox 1100 2733 1260 2784; x_wconf 75' lang='grc' dir='ltr'><strong><em>πηγῶν</em></strong></span> <span class='ocrx_word' id='word_1_295' title='bbox 1291 2725 1458 2770; x_wconf 70' lang='lat' dir='ltr'><strong>titulus</strong></span> <span class='ocrx_word' id='word_1_296' title='bbox 1488 2725 1538 2770; x_wconf 80' lang='lat' dir='ltr'><strong><em>in</em></strong></span> <span class='ocrx_word' id='word_1_297' title='bbox 1575 2739 1709 2783; x_wconf 75' lang='lat' dir='ltr'><strong>marg</strong></span> <span class='ocrx_word' id='word_1_298' title='bbox 1740 2726 1868 2771; x_wconf 80' lang='lat' dir='ltr'><strong><em>GAB</em></strong></span> 
     </span>
    </p>

    <p class='ocr_par' dir='ltr' id='par_1_7' title="bbox 254 2783 1868 2841">
     <span class='ocr_line' id='line_1_33' title="bbox 254 2783 1868 2841; baseline -0.001 -12"><span class='ocrx_word' id='word_1_299' title='bbox 254 2789 309 2829; x_wconf 86' lang='grc'>17</span> <span class='ocrx_word' id='word_1_300' title='bbox 341 2802 407 2829; x_wconf 84' lang='grc' dir='ltr'><strong><em>ων</em></strong></span> <span class='ocrx_word' id='word_1_301' title='bbox 437 2785 488 2829; x_wconf 90' lang='lat' dir='ltr'><strong><em>in</em></strong></span> <span class='ocrx_word' id='word_1_302' title='bbox 519 2783 710 2831; x_wconf 78' lang='grc' dir='ltr'><strong><em>ἐκείνων</em></strong></span> <span class='ocrx_word' id='word_1_303' title='bbox 741 2799 796 2830; x_wconf 84' lang='lat' dir='ltr'><strong><em>ex</em></strong></span> <span class='ocrx_word' id='word_1_304' title='bbox 821 2801 876 2829; x_wconf 89' lang='lat' dir='ltr'><strong><em>ov</em></strong></span> <span class='ocrx_word' id='word_1_305' title='bbox 901 2798 1002 2829; x_wconf 85' lang='lat' dir='ltr'>corr</span> <span class='ocrx_word' id='word_1_306' title='bbox 1023 2784 1094 2829; x_wconf 77' lang='lat' dir='ltr'><strong><em>B’</em></strong></span> <span class='ocrx_word' id='word_1_307' title='bbox 1215 2789 1268 2828; x_wconf 89' lang='lat'><strong><em>18</em></strong></span> <span class='ocrx_word' id='word_1_308' title='bbox 1299 2798 1434 2829; x_wconf 82' lang='grc' dir='ltr'><strong><em>νεστα</em></strong></span> <span class='ocrx_word' id='word_1_309' title='bbox 1465 2785 1515 2829; x_wconf 89' lang='lat' dir='ltr'><strong><em>in</em></strong></span> <span class='ocrx_word' id='word_1_310' title='bbox 1546 2783 1868 2841; x_wconf 75' lang='grc' dir='ltr'><strong><em>εἰλικρινέστα-</em></strong></span> 
     </span>
    </p>
   </div>
   <div class='ocr_carea' id='block_1_6' title="bbox 189 2842 1870 2958">
    <p class='ocr_par' dir='ltr' id='par_1_8' title="bbox 189 2842 1870 2958">
     <span class='ocr_line' id='line_1_34' title="bbox 189 2842 1870 2948; baseline -0.001 -59"><span class='ocrx_word' id='word_1_311' title='bbox 189 2844 444 2946; x_wconf 49' lang='lat' dir='ltr'><strong><em>101119inmras</em></strong></span> <span class='ocrx_word' id='word_1_312' title='bbox 466 2843 531 2948; x_wconf 62' lang='grc' dir='ltr'><em>Ιῦ</em></span> <span class='ocrx_word' id='word_1_313' title='bbox 593 2842 976 2900; x_wconf 79' lang='grc' dir='ltr'><strong><em>εἰλικρινέστατον</em></strong></span> <span class='ocrx_word' id='word_1_314' title='bbox 1002 2845 1086 2889; x_wconf 83' lang='lat' dir='ltr'><strong><em>Mo</em></strong></span> <span class='ocrx_word' id='word_1_315' title='bbox 1109 2844 1177 2888; x_wconf 81' lang='lat' dir='ltr'><strong><em>Re</em></strong></span> <span class='ocrx_word' id='word_1_316' title='bbox 1219 2846 1226 2900; x_wconf 92' lang='grc' dir='ltr'>Ι</span> <span class='ocrx_word' id='word_1_317' title='bbox 1266 2845 1346 2888; x_wconf 82' lang='grc' dir='ltr'><strong><em>καὶ</em></strong></span> <span class='ocrx_word' id='word_1_318' title='bbox 1376 2843 1565 2888; x_wconf 70' lang='lat' dir='ltr'><strong>tertium</strong></span> <span class='ocrx_word' id='word_1_319' title='bbox 1596 2857 1671 2888; x_wconf 91' lang='lat' dir='ltr'><strong><em>om</em></strong></span> <span class='ocrx_word' id='word_1_320' title='bbox 1696 2844 1870 2889; x_wconf 83' lang='lat' dir='ltr'><strong><em>MBCa</em></strong></span> 
     </span>
     <span class='ocr_line' id='line_1_35' title="bbox 336 2919 452 2958; baseline 0 -11"><span class='ocrx_word' id='word_1_321' title='bbox 336 2919 452 2958; x_wconf 89' lang='grc' dir='ltr'><strong><em>ηττω</em></strong></span> 
     </span>
    </p>
   </div>
  </div>
 </body>
</html>
