2090 3162
334 694 479 756 OTI
523 695 636 757 TO
684 695 1145 756 HAOTTEIN
1191 695 1521 754 ΑΔΙΚΩΣ
1567 693 1738 756 ΤΟΤ

489 802 941 864 ΠΕΝΕΣΘΑΙ
984 800 1580 865 ΑΘΛΙΩΤΕΡΟΝ.

307 948 348 998 1.
407 947 555 1010 Χθές
594 967 675 1009 τις
726 945 954 1016 ἑσπέρας
1003 949 1156 1015 ἤλγει
1197 966 1254 999 τε
1303 944 1394 999 καὶ
1435 948 1617 998 ἔστενε
1656 947 1784 1008 τοὺς
1814 958 1959 1001 R246

189 1043 620 1103 προσαιτοῦντας
645 1036 916 1106 ἀριθμῶν,
948 1037 1078 1098 τοὺς
1102 1032 1203 1102 μὲν
1227 1033 1476 1102 ἑστῶτας,
1501 1037 1631 1097 τοὺς
1655 1035 1717 1087 δὲ
1740 1032 1871 1087 οὐδὲ

188 1131 350 1176 τοῦτο
403 1124 770 1193 δυναμένους,
810 1127 939 1187 τοὺς
990 1124 1052 1177 δὲ
1102 1124 1234 1177 οὐδὲ
1273 1129 1577 1192 καθῆσθαι,
1616 1124 1704 1176 καὶ
1745 1125 1874 1186 τοὺς
1919 1143 1939 1176 5

189 1209 290 1278 μὲν
334 1213 905 1282 ἠκρωτηριασμένους,
952 1215 1083 1275 τοὺς
1131 1209 1191 1265 δὲ
1241 1215 1452 1281 μᾶλλον
1498 1214 1785 1280 τετηκότας
1841 1211 1874 1279 ἢ

188 1302 386 1354 πολλοὶ
423 1311 535 1354 τῶν
572 1303 907 1355 τεθνεώτων.
971 1301 1212 1354 ἐλεεινὸν
1244 1298 1304 1353 δὲ
1337 1303 1576 1369 ἔφασκεν
1607 1295 1749 1354 εἶναι
1784 1301 1873 1353 καὶ

189 1390 249 1441 τὸ
291 1389 351 1442 ἐν
391 1390 601 1459 ῥακίοις
640 1392 912 1453 τοιούτοις
951 1398 1125 1459 ψῦχος
1158 1397 1413 1442 τοιοῦτον
1445 1388 1732 1460 διαφέρειν
1761 1397 1874 1452 τοῖς

190 1475 291 1544 μὲν
330 1480 508 1532 ὄντων
546 1481 732 1547 μόνων
772 1479 1139 1547 διαζωμάτων,
1191 1487 1306 1541 τοῖς
1357 1475 1417 1530 δὲ
1463 1477 1523 1531 ἐκ
1568 1479 1875 1547 βουβώνων

186 1586 244 1618 τε
283 1567 373 1619 καὶ
413 1568 575 1635 ὤμων
614 1569 796 1636 ἄκρων
835 1577 1035 1638 χειρῶν
1073 1587 1130 1620 τε
1167 1565 1259 1619 καὶ
1298 1568 1486 1620 ποδῶν
1526 1566 1874 1636 γεγυμνωμέ-
1898 1588 1940 1620 ιο

188 1675 317 1708 νων.
396 1656 441 1707 2.
484 1655 779 1725 ἐφαίνοντο
830 1656 894 1709 δέ
929 1676 1073 1719 τινες
1118 1656 1209 1709 καὶ
1250 1649 1332 1718 οἷς
1372 1653 1490 1708 οὐδ’
1537 1655 1727 1709 ὁτιοῦν
1766 1654 1878 1708 ἐκε-

187 1744 431 1797 κάλυπτο
482 1753 582 1798 τοῦ
635 1746 908 1814 σώματος,
963 1746 1175 1813 δεήσεις
1228 1764 1285 1798 τε
1323 1740 1465 1813 ἦσαν
1503 1743 1598 1813 ἀφ’
1646 1742 1877 1797 ἑκάστου

188 1831 385 1901 συχναὶ
421 1833 427 1902 Ι
464 1834 666 1886 δοῦναί
698 1855 751 1886 τι
790 1836 889 1887 τὸν
927 1836 1218 1904 παριόντα,
1264 1834 1353 1886 καὶ
1397 1832 1535 1903 μέγα
1572 1830 1643 1902 ἦν
1682 1833 1784 1886 οὐκ
1815 1845 1962 1890 3247

309 1994 346 2038 O
427 2015 479 2029 =
515 1993 658 2037 codex
691 1992 937 2038 Chisianus

303 2054 348 2095 A
422 2075 476 2089 ==
509 2052 800 2096 Monacensis
832 2067 899 2110 gr.
932 2057 1018 2098 483
1052 2054 1391 2110 (Augustanus)

308 2112 354 2154 P
426 2133 479 2147 =
512 2111 756 2155 Palatinus
788 2127 854 2170 gr.
891 2116 975 2155 282

314 2171 357 2215 U
426 2193 479 2206 =-
513 2170 712 2214 Urbinas
746 2186 811 2229 gr.
849 2176 932 2215 126

305 2231 339 2272 Ι
423 2251 478 2266 =
510 2229 775 2275 Marcianus
806 2231 1007 2287 append.
1042 2230 1142 2274 XCI
1175 2236 1200 2274 2

304 2290 349 2332 Β
422 2310 476 2325 =
510 2288 790 2333 Barberinus
820 2289 863 2332 H
894 2295 948 2333 41

308 2349 397 2392 Ma
421 2370 475 2384 =
502 2348 766 2392 Marcianus
800 2349 1000 2406 append.
1027 2349 1147 2393 XCII
1166 2354 1189 2392 7

304 2499 329 2538 3
361 2495 489 2547 Χθὲς
518 2493 587 2546 τίς
610 2497 656 2540 Β
792 2501 817 2540 5
850 2495 985 2541 τοῦτό
1018 2513 1068 2553 γε
1093 2499 1231 2541 ΒΜα
1253 2497 1366 2541 Fen·
1387 2496 1489 2540 Mor
1624 2501 1651 2540 6
1682 2511 1866 2553 τετυχη-

184 2551 324 2604 κότας
352 2554 501 2608 Patm,
535 2556 615 2599 sed
646 2573 702 2613 γρ
733 2555 981 2612 τετηκότας
1010 2557 1061 2599 in
1083 2570 1218 2614 marg
1287 2557 1473 2611 „malim
1504 2552 1870 2612 συντετηκότας“

183 2613 252 2656 Re
372 2617 398 2656 8
431 2612 673 2670 διαφέρειν
712 2622 933 2659 τοσοῦτον
951 2616 1090 2660 ΒΜα
1104 2615 1216 2659 Fen·
1231 2614 1333 2659 Mor
1372 2616 1420 2659 et
1450 2628 1475 2658 e
1512 2621 1726 2659 τοιοῦτον
1766 2615 1869 2659 δια-

185 2670 347 2727 φέρειν
380 2685 482 2716 corr
511 2672 570 2717 1⁸
607 2676 612 2730 Ι
651 2672 907 2730 ὑποφέρειν
947 2674 1051 2717 coni
1081 2674 1184 2718 Mor
1334 2678 1359 2717 9
1401 2671 1545 2730 μόνον
1585 2674 1631 2718 U
1661 2673 1667 2732 Ι
1705 2675 1869 2725 διαζω-

183 2730 356 2788 μάτων]
389 2729 670 2788 χιτωνίσκων
715 2733 797 2776 καὶ
841 2732 1017 2777 τούτων
1064 2741 1253 2789 σαπρῶν
1291 2733 1431 2777 ΒΜα
1460 2733 1572 2776 Fen·
1594 2732 1696 2776 Mor
1733 2732 1782 2775 et·
1818 2730 1867 2773 in

181 2803 258 2833 ras
282 2789 341 2833 1⁸
471 2795 524 2834 11
558 2790 608 2836 δὲ
640 2789 720 2835 καί
749 2807 872 2842 τινες
902 2790 1080 2846 Gauda,
1113 2794 1164 2836 at
1195 2791 1252 2836 cf.
1285 2807 1330 2849 p.
1365 2796 1463 2845 386,
1484 2795 1539 2835 16
1577 2792 1584 2850 Ι
1622 2791 1868 2835 οὐδοτιοῦν

189 2849 398 2894 UIBMa
427 2849 496 2893 Re
537 2850 544 2908 Ι
587 2849 927 2895 ἐπεκεκάλυπτο
967 2851 1088 2895 IMa
1110 2851 1222 2895 Fen·
1244 2850 1346 2894 Mor
1452 2849 1740 2896 ἐπεκάλυπτο
1764 2849 1811 2893 Β

190 2911 245 2950 12
278 2905 359 2963 ἐφ’
389 2908 566 2953 CAPU
711 2914 764 2952 13
797 2926 841 2953 τι
872 2924 947 2954 om
982 2910 1161 2955 CAPU
