2090 3162
243 119 352 169 474
795 119 1022 162 LIBANH
1054 119 1276 164 ORATIO
1309 120 1372 162 XI

244 253 572 323 ἐπισχούσης
611 257 775 307 τοῦτό
817 275 878 322 γε
917 256 984 307 οὐ
1024 254 1279 321 μετέπεσε
1318 263 1382 324 τῇ
1421 258 1593 323 πόλει,
1638 255 1754 308 ἀλλ’
1799 254 1927 309 ἔπα-

243 349 354 395 θον
402 342 501 410 μέν
540 363 590 394 τι
638 344 774 411 πρὸς
821 344 919 395 τὸν
957 344 1206 396 Κάσσιον
1253 342 1455 396 ἐκεῖνοι
1494 346 1606 396 Δία
1651 352 1923 412 τοιοῦτον,

245 424 366 483 οἷον
407 435 748 498 Πτολεμαῖος
786 430 910 500 περὶ
950 432 1050 499 τὴν
1073 430 1338 501 Ἄρτεμιν,
1378 431 1468 484 καὶ
1499 435 1857 502 μεθίστασαν,
1895 434 1923 487 ὁ

244 516 302 570 δὲ
335 522 638 588 κεραυνοὺς
671 518 757 588 ἐφ’
798 521 1009 572 ἅπαντα
1042 519 1222 589 ἀφιεὶς
1254 519 1488 573 ἐνέκειτο
1521 522 1621 589 τὴν
1651 520 1925 574 ἐπάνοδον

198 629 215 660 5
243 608 387 680 αὐτῷ
430 611 856 678 παρασκευάζων
895 607 985 660 καὶ
1026 608 1375 678 ἀνέστρεφεν.
1455 610 1573 661 117.
1623 610 1831 663 οὐκοῦν
1870 611 1923 663 οἱ

151 709 189 751 R
214 714 296 751 309
329 694 429 765 μὲν
470 696 699 765 ἑτέρωθι
736 697 741 765 Ι
778 699 1072 766 φαίνονται
1121 697 1492 766 βουληθέντες
1537 699 1608 761 ὡς
1657 700 1794 767 ἡμᾶς
1841 698 1925 751 ἐλ-

239 790 384 853 θεῖν,
433 786 484 837 οἱ
533 782 592 837 δὲ
639 784 764 853 παρ’
812 786 942 853 ἡμῖν
990 786 1091 838 οὐκ
1137 785 1503 855 ἀνασχόμενοι
1550 787 1651 855 τὴν
1698 786 1925 853 ἑτέρωσε

239 874 583 942 μετάστασιν,
636 873 772 926 ἀλλὰ
819 881 893 945 τῷ
942 875 1127 927 κάλλει
1174 875 1274 943 μὲν
1312 872 1516 944 ἔρωτας
1563 874 1649 943 ἐφ’
1697 874 1925 939 ἑαυτοὺς

240 961 562 1029 ἀνάψαντες,
596 961 754 1014 αὐτοὶ
788 960 847 1015 δὲ
881 963 909 1015 ὃ
942 965 1070 1025 τοὺς
1102 964 1302 1026 ἄλλους
1335 964 1579 1032 ἐποίουν,
1619 965 1756 1033 πρὸς
1787 964 1924 1033 ἡμᾶς

174 1072 216 1103 10
241 1053 584 1114 πεπονθότες
625 1050 713 1103 καὶ
753 1052 861 1104 ὑπὸ
902 1049 1003 1119 μὲν
1041 1061 1153 1104 τῶν
1192 1051 1433 1120 ἐραστῶν
1474 1051 1782 1121 ἑλκόμενοι,
1828 1061 1923 1121 τῆς

240 1138 287 1191 δ’
338 1139 609 1209 ἐρωμένης
650 1147 747 1207 γῆς
787 1140 1198 1207 ἀνθαπτόμενοι
1236 1141 1417 1193 πάλιν.
1485 1142 1722 1209 τοσαύτη
1764 1146 1923 1210 φιλο-

237 1230 408 1297 χωρία
446 1225 547 1297 μὲν
587 1223 695 1298 εἶχε
735 1231 864 1291 τοὺς
903 1229 1199 1299 ἡμετέρους
1235 1230 1515 1298 δαίμονας,
1556 1229 1823 1296 ἐπιθυμία
1863 1227 1923 1283 δὲ

235 1319 366 1380 τοὺς
406 1316 595 1380 ξένους
633 1316 928 1386 ἡμετέρους
969 1317 1243 1386 γενέσθαι.

350 1405 469 1457 118.
510 1405 619 1458 Καὶ
659 1405 903 1474 ἐμήκυνα
941 1408 1039 1459 τὸν
1076 1405 1202 1476 περὶ
1241 1416 1351 1459 τῶν
1389 1409 1722 1476 κρειττόνων
1755 1409 1923 1475 λόγον

172 1515 213 1547 15
240 1495 312 1557 ὡς
345 1494 444 1547 οὐκ
478 1495 646 1562 οὔσης
679 1493 863 1564 ἑτέρας
895 1494 1188 1564 ἀμείνονος
1221 1494 1502 1564 ἐγκωμίων
1533 1497 1756 1565 μερίδος
1786 1494 1914 1548 οὔθ’

236 1585 367 1652 ἡμῖν
398 1581 515 1636 οὔτ’
553 1584 735 1636 ἄλλων
768 1583 1084 1653 ἀνθρώπων
1117 1583 1355 1636 οὐδέσιν.
1408 1585 1456 1636 εἰ
1489 1582 1555 1636 δέ
1580 1604 1663 1646 τις
1692 1585 1923 1652 ἥδιστον

237 1673 484 1740 ἄκουσμα
530 1672 595 1724 τὰ
646 1669 719 1724 δι’
763 1672 947 1725 ὅπλων
999 1674 1130 1742 ἔργα
1179 1674 1410 1741 νομίζει,
1461 1674 1638 1725 πολλὰ
1687 1674 1923 1741 τρόπαια

234 1769 349 1823 τοῖς
397 1762 694 1830 προγόνοις
746 1760 850 1814 ἀπὸ
899 1765 1120 1814 πολλῶν
1159 1760 1383 1829 ἕστηκεν
1423 1761 1611 1823 αὐτοῖς
1663 1759 1920 1828 ἐξιοῦσιν,

237 1842 350 1911 οἶος
401 1848 428 1901 ὁ
479 1858 590 1901 τῶν
637 1851 757 1902 τότε
807 1848 1062 1916 πολέμων
1099 1851 1315 1918 τρόπος.
1397 1848 1515 1901 119.
1567 1847 1656 1902 καὶ
1706 1851 1772 1902 τὰ
1821 1849 1922 1919 μὲν

168 1958 211 1989 20
236 1938 374 1990 ἄλλα
397 1939 453 1990 τί
482 1939 566 1990 δεῖ
597 1937 799 2006 λέγειν;
833 1936 948 1991 ἀλλ’
970 1936 1243 2007 Ἀντίοχος
1275 1937 1303 1990 ὁ
1335 1936 1500 2006 μέγας
1531 1939 1704 2005 ὄνομα
1735 1938 1922 2006 λαβὼν

235 2025 339 2078 ἀπὸ
386 2033 485 2078 τοῦ
534 2027 790 2094 μεγάλοις
837 2026 1131 2095 ἐπιχειρεῖν
1169 2046 1226 2078 τε
1271 2025 1362 2079 καὶ
1411 2025 1674 2095 ἐξαρκεῖν,
1721 2027 1921 2096 μικρὸν

234 2115 576 2182 ἡγησάμενος
628 2116 819 2179 σώζειν
868 2116 935 2167 τὰ
985 2116 1118 2168 ὄντα
1166 2117 1494 2184 προσθήκην
1545 2113 1755 2167 ἐπινοεῖ
1803 2123 1920 2177 τοῖς

237 2198 377 2255 οὖσι.
437 2201 528 2255 καὶ
567 2210 732 2256 τοῦτο
772 2199 874 2271 μὲν
911 2204 1014 2272 τὴν
1051 2201 1324 2272 νεωτέραν
1354 2210 1450 2270 τῆς
1479 2205 1687 2264 πόλεως
1719 2212 1920 2271 μοῖραν

352 2397 377 2435 2
409 2391 566 2447 μέντοι
589 2393 685 2437 1οα
713 2393 718 2449 Ι
746 2391 912 2436 κάσιον
945 2393 1018 2437 UI
1036 2392 1127 2436 edd
1153 2391 1209 2435 cf.
1234 2393 1267 2435 t.
1292 2391 1314 2435 I
1337 2395 1436 2445 579,
1455 2396 1510 2434 22
1527 2391 1568 2434 R
1596 2393 1601 2447 Ι
1631 2391 1799 2436 ἐκεῖνοι
1823 2388 1918 2435 Δία

234 2450 399 2507 scripsi
423 2464 448 2494 e
476 2451 852 2497 GUIBMMoGa
911 2450 1006 2495 Δία
1031 2452 1200 2496 ἐκεῖνοι
1216 2451 1309 2494 AP
1329 2450 1419 2494 edd
1446 2450 1452 2507 Ι
1481 2448 1560 2495 δία
1586 2464 1611 2494 e
1636 2449 1717 2495 διὰ
1743 2464 1844 2494 corr
1862 2449 1923 2497 Of

293 2511 373 2552 δῖα
391 2511 435 2554 Α
526 2515 552 2552 3
575 2510 659 2567 τὴν
680 2507 939 2566 Ἀρτέμιδος
962 2509 1237 2566 μετάστασιν
1253 2509 1326 2552 vel
1349 2507 1625 2569 μεθὶὃρυσιν
1643 2509 1691 2551 Μ
1705 2509 1918 2553 Schmidt

233 2567 399 2612 Philol.
424 2568 466 2611 X
490 2573 574 2612 635
701 2574 730 2612 4
762 2567 936 2614 ἅπασιν
969 2582 1110 2625 supra
1141 2568 1328 2612 ἅπαντα
1354 2567 1460 2612 Mo²
1526 2583 1640 2611 num
1671 2567 1917 2618 ἅπανταςῗ

294 2632 320 2670 5
353 2634 476 2671 αυτῶ
516 2627 560 2672 U
622 2628 746 2672 αὐτῶ
779 2628 895 2673 BGa
1022 2633 1047 2671 9
1085 2626 1129 2673 δ’
1165 2629 1201 2671 Ι
1243 2627 1248 2686 Ι
1299 2625 1323 2671 ὃ
1362 2627 1487 2670 inser
1521 2628 1581 2672 ΟΡ
1613 2628 1661 2671 eb
1690 2626 1708 2652 f
1773 2626 1797 2671 ὁ
1831 2627 1916 2670 Mo

296 2690 347 2729 11
382 2691 463 2743 γῆς
502 2699 526 2729 e
565 2691 647 2742 τῆς
678 2701 779 2730 corr
811 2685 918 2731 Mo²
1054 2691 1108 2730 16
1141 2685 1295 2736 ἄλλοις
1325 2687 1358 2728 Ι
1391 2684 1473 2729 sed
1505 2702 1574 2736 οις
1603 2685 1654 2728 in
1683 2698 1758 2733 ras
1789 2685 1859 2728 m⁸

238 2749 290 2788 18
322 2745 532 2798 ἀξιοῦσιν
559 2746 597 2789 Ο
623 2745 706 2788 sed.
737 2745 758 2790 ἐ
790 2758 1016 2802 suprascr.
1041 2747 1070 2800 f
1185 2749 1237 2788 19
1263 2744 1406 2794 τύπος
1428 2745 1519 2799 Re,
1551 2745 1676 2800 quod
1707 2743 1917 2788 defendib

236 2803 392 2847 Gasda
431 2803 601 2847 collasso
641 2804 760 2848 Plat.
799 2817 894 2861 rep.
926 2803 990 2847 H]
1020 2819 1065 2860 p.
1092 2803 1231 2848 396E
1381 2807 1438 2846 20
1478 2802 1593 2860 μέγα
1625 2803 1738 2847 ΒΜ
1755 2802 1857 2846 Mor

236 2866 291 2905 21
325 2862 401 2906 ἐπι
430 2869 590 2918 ειριεῖν
621 2864 656 2907 I
679 2863 762 2907 sed.
793 2880 810 2907 ι
842 2864 950 2906 ante
974 2878 995 2907 ε
1020 2876 1120 2907 eras
1169 2867 1172 2870 ’
1243 2867 1296 2906 21
1321 2862 1487 2919 μικρὸν
1510 2887 1568 2894 -—
1593 2866 1648 2905 23
1673 2858 1776 2906 οὖσι
1799 2861 1916 2904 citat

235 2920 352 2964 Plan
403 2921 462 2965 ol.
488 2925 542 2965 99
694 2926 750 2964 22
781 2921 899 2978 πρὸς
927 2920 1084 2978 θήκην
1118 2922 1157 2966 G
