2090 3162
693 651 901 711 ΠΕΡΙ
945 649 1483 711 ΑΠΑΗΣΤΙΑΣ.

155 813 301 855 R241
421 800 465 851 1.
509 799 590 852 Οὐ
639 798 837 870 ῥᾴδιον
883 798 1147 869 ἐντυχεῖν,
1194 795 1236 852 ὦ
1276 800 1496 869 ἄνδρες,
1537 798 1813 870 ἀνθρώπῳ
1853 798 1929 867 μὴ

245 889 595 958 λοιδοροῦντι
634 889 734 955 τὴν
775 888 957 956 Τύχην
995 886 1088 940 καὶ
1126 889 1227 956 τὴν
1267 885 1368 957 μὲν
1408 888 1618 956 ἄδικον,
1659 887 1828 940 αὑτὸν
1867 882 1934 938 δὲ·

244 976 413 1045 ἀτυχῆ
461 982 735 1029 καλοῦντι.
815 980 967 1029 καλεῖ
1014 973 1075 1028 δὲ
1121 977 1294 1045 αὐτὴν
1341 977 1536 1028 ἄδικον
1581 973 1672 1028 καὶ
1718 975 1928 1043 ἡγεῖται

245 1064 466 1133 ἀτυχεῖν
497 1064 526 1117 ὁ
557 1065 658 1133 μὲν
690 1065 769 1117 ὢν
800 1067 978 1135 καλός,
1017 1065 1100 1117 ὅτι
1139 1066 1210 1133 μὴ
1243 1063 1335 1117 καὶ
1365 1063 1548 1134 μέγας,
1588 1063 1616 1117 ὁ
1651 1060 1712 1116 δὲ
1743 1062 1928 1132 μέγας,

201 1177 220 1208 5
246 1153 328 1205 ὅτι
374 1154 446 1222 μὴ
492 1152 583 1205 καὶ
629 1155 816 1221 καλός,
865 1153 974 1225 ὅτῳ
1024 1150 1084 1205 δὲ
1130 1160 1299 1206 ταῦτα
1347 1154 1535 1222 ἄμφω,
1591 1153 1673 1205 ὅτι
1718 1153 1790 1221 μὴ
1836 1149 1929 1204 καὶ

247 1243 485 1311 ἰσχυρός,
524 1240 615 1294 καὶ
657 1242 762 1312 ὅτῳ
804 1242 865 1294 δὲ
906 1243 989 1294 ἔνι
1029 1243 1095 1294 τὰ
1132 1243 1273 1310 τρία,
1315 1243 1407 1294 διὰ
1437 1242 1497 1294 τὸ
1537 1242 1608 1310 μὴ
1639 1239 1731 1293 καὶ
1762 1241 1933 1309 ταχὺς
2018 1292 2029 1308 c

246 1326 387 1383 εἶναι
427 1332 663 1383 αἰτιᾶται
700 1331 801 1399 τὴν
839 1333 990 1383 θεόν.
1062 1332 1111 1383 2.
1153 1329 1269 1383 ἀλλ’
1317 1329 1436 1383 οὐδ’
1483 1331 1530 1383 εἰ
1569 1330 1744 1382 πάντα
1785 1329 1933 1399 αὐτῷ

243 1421 439 1489 παρείη
485 1420 551 1471 τὰ
597 1427 696 1472 τοῦ
748 1420 995 1487 σώματος
1046 1418 1254 1488 ἀγαθά,
1309 1418 1527 1489 στέργοι
1578 1417 1648 1470 ἂν
1690 1415 1808 1470 οὐδ’
1858 1415 1933 1469 ἂν

246 1506 334 1560 ἐπὶ
379 1508 596 1570 τούτοις
635 1508 804 1575 εἰδείη
843 1515 908 1578 τῇ
949 1508 1169 1574 δαίμονι
1210 1508 1378 1577 ταύτῃ
1425 1508 1603 1578 χάριν,
1650 1504 1768 1558 ἀλλ’
1813 1506 1928 1580 οὔκ

180 1619 222 1651 10
246 1598 378 1666 εἰμι
426 1596 789 1666 ῥητορικός,
837 1595 948 1666 ἐρεῖ
994 1597 1132 1665 πρὸς
1180 1596 1366 1664 αὑτόν,
1422 1595 1574 1648 οὐδὲ
1627 1594 1931 1664 ἰατρικὴν

425 1757 463 1800 0
551 1778 606 1792 =
641 1754 795 1799 Codex
826 1754 1071 1799 Chisianus

419 1818 465 1859 A
553 1837 607 1851 =
639 1814 931 1858 Monacensis
963 1830 1029 1872 gr.
1062 1819 1150 1858 483
1182 1814 1514 1872 (Augustanus)

420 1875 467 1917 P
549 1896 604 1910 =
636 1873 879 1917 Palatinus
910 1889 980 1931 gr„
1011 1879 1095 1917 282

430 1933 474 1976 V
551 1955 606 1969 =
638 1932 1011 1976 Vindobonensis

429 1992 474 2035 U
551 2014 607 2028 =
638 1991 838 2035 Urbinas
870 2006 937 2048 gr.
965 1997 1049 2035 126

421 2053 458 2094 Ι
553 2073 608 2087 =
640 2050 905 2094 Marcianus
938 2051 1136 2107 append.
1169 2050 1268 2094 XCI
1301 2055 1325 2093 2

422 2111 467 2153 B
551 2132 606 2146 =
637 2109 917 2153 Barberinus
948 2110 991 2153 Π
1022 2114 1076 2153 41

419 2169 531 2212 Fen·
554 2191 609 2205 =
643 2169 788 2213 editio
819 2169 1126 2213 Fen-ariensis

420 2228 522 2270 Mor
553 2250 607 2264 =
641 2228 785 2271 editio
817 2227 1094 2272 Morelh‘ana

420 2287 489 2331 Re
551 2309 605 2323 =
638 2286 855 2331 Reiskius

363 2439 386 2476 1
425 2434 493 2478 Οὐ
526 2460 581 2466 -
615 2439 639 2476 3
674 2437 889 2487 καλοῦντι
929 2433 1045 2478 citab
1083 2433 1254 2477 Macar.
1289 2432 1500 2489 Chrysoc.
1534 2431 1613 2476 fol.
1648 2436 1725 2487 93,
1764 2432 1834 2475 ita
1871 2433 1928 2476 ut

245 2493 391 2536 addat
427 2499 562 2536 τοῦτο
602 2493 652 2537 δὲ
692 2491 920 2550 γίγνεται,
961 2492 1120 2549 ἐπειδὴ
1152 2490 1383 2548 ἄπληστόν
1413 2508 1458 2535 τι
1487 2496 1638 2566 χρῆμα
1669 2490 1926 2566 ἄνθρωπος

243 2551 324 2595 καὶ
354 2551 604 2609 ἀχάριστον
629 2551 703 2608 (cf.
729 2551 852 2595 infra,
881 2567 926 2608 p.
946 2555 1046 2606 357,
1065 2553 1130 2623 3)
1136 2553 1141 2607 Ι
1170 2551 1388 2608 ἐντυχεῖν,
1413 2546 1447 2594 ὦ
1479 2549 1663 2607 ανδρες]
1698 2545 1732 2593 ὦ
1758 2549 1927 2605 ἄνδρες

244 2610 449 2667 ἐντυχεῖν
480 2612 555 2654 ΙΒ
587 2610 745 2653 Macar
907 2615 933 2653 2
966 2607 1132 2668 καὶ]ἢ
1163 2610 1299 2654 Laur.
1331 2608 1453 2652 LXX
1485 2613 1538 2652 13
1579 2610 1626 2652 et
1657 2625 1711 2666 γρ
1742 2608 1845 2652 Mor
1873 2608 1925 2652 in

242 2669 409 2773 ffirgzy'
426 2668 1006 2783 εἷ’ἇωθῖἣῖἷῃῖυὲὸζθέᾈε
1037 2674 1067 2771 ἓ
1093 2669 1279 2783 ἴοῗῖἶῖὴ
1273 2668 1498 2771 ἪἛῙῙ
1484 2681 1771 2801 ἱξοῗὲῗὲκθ
1804 2666 1925 2769 ‘²5:53

243 2786 303 2843 μὴ
339 2786 467 2831 GAP
494 2787 593 2859 (sed
622 2787 673 2829 in
698 2800 778 2830 tas
808 2786 895 2843 111²)
935 2787 980 2831 V
1002 2787 1113 2830 Fen·
1141 2786 1244 2829 Mor
1404 2790 1429 2829 5
1461 2785 1522 2841 μὴ
1554 2785 1634 2828 καὶ
1663 2785 1714 2828 in
1743 2798 1819 2828 ras
1850 2782 1927 2828 P*

243 2845 324 2888 καὶ
354 2844 414 2902 μὴ
448 2846 517 2902 V!
547 2842 652 2905 ὅτῳ]
686 2845 710 2890 ὁ
734 2847 770 2889 Ι
786 2846 867 2889 sed
897 2845 947 2888 in
975 2858 1137 2888 rasura
1156 2845 1381 2901 quatbuor
1409 2843 1684 2898 litterarum,
1709 2844 1756 2888 Β
1808 2859 1863 2900 γρ
1896 2840 1925 2886 ὃ

243 2903 345 2947 Mor
381 2904 432 2946 in
468 2917 604 2960 marg
752 2909 776 2947 '¹1
815 2903 900 2960 τὴν
938 2904 1056 2948 θεὸν
1095 2903 1300 2948 αἰτιᾶται
1330 2904 1406 2947 IB
1436 2903 1537 2946 Mor
1585 2905 1592 2958 Ι
1640 2900 1780 2946 πάντ’
1817 2902 1863 2945 Β

244 2966 272 3006 8
304 2961 539 3020 στέργοι
513 2979 573 3006 αν
604 2976 630 3005 e
661 2961 892 3021 στέργοιεν
926 2963 1056 3008 GPAP
1221 2967 1247 3005 9
1278 2962 1422 3020 ταύτῃ
1453 2975 1529 3005 om
1558 2961 1635 3006 IB
