2090 3162
254 114 364 166 434
804 114 1028 157 LIBANH
1061 113 1282 158 ORATIO
1313 114 1375 157 XI

256 251 384 301 ἐστιν
433 269 582 315 prave
632 255 742 300 ante
790 251 946 318 ὥσπερ
986 251 1074 318 γὰρ
1123 250 1147 302 ὅ
1194 259 1281 301 τοῦ
1327 252 1531 300 Πυθίου
1572 251 1693 311 νεὼς
1730 256 1931 312 πολλαῖς

255 321 345 384 εἶξε
384 326 547 390 τύχαις
588 328 708 387 516,
736 329 801 373 14
842 327 1090 375 collocatis
1130 327 1354 375 concinit.
1423 326 1719 389 Plerumque
1761 329 1925 374 autem

258 417 367 447 cum
407 400 568 447 codice
608 400 645 446 I
677 401 809 447 facit.

401 474 572 521 Altera
627 474 794 521 classis
848 475 899 520 in
954 474 1073 521 duas
1129 473 1451 538 distinguitur
1504 475 1744 535 familias,
1806 489 1926 535 qua-

254 564 362 594 rum
412 548 547 607 prior
597 546 757 594 codice
797 548 849 602 I,
901 548 1059 595 altera
1105 547 1350 595 codicibus
1389 548 1591 595 MBMo
1637 547 1924 595 continetur.

256 621 349 667 Sed
403 621 440 667 Ι
488 637 679 682 quoque
735 621 900 668 crebro
955 620 1167 668 secunda
1219 637 1369 668 manu
1424 638 1447 669 e
1503 621 1664 669 codice
1723 621 1926 669 alterius

256 695 473 741 familiae
506 697 747 743 correctus
788 697 873 742 est.
935 696 1002 742 M
1021 697 1070 742 et
1092 695 1142 742 B
1173 695 1235 742 ad
1265 695 1395 742 idem
1432 695 1636 742 redeunt
1668 695 1927 756 exemplar,

257 768 328 814 ita
359 771 523 815 tamen
556 771 611 815 ut
642 769 691 815 B
721 784 818 816 non
851 769 1030 816 directe
1063 785 1120 816 ex
1152 784 1206 816 eo
1238 769 1446 830 fluxerit,
1482 768 1566 816 sed
1595 784 1683 830 per
1712 768 1926 815 medium

257 842 471 890 codicem
501 842 646 889 hodie
671 842 978 904 deperditum
1004 835 1114 909 (m),
1144 843 1228 904 qui
1257 843 1387 890 idem
1418 843 1526 891 fons
1557 843 1653 889 fuit
1677 845 1726 890 et
1749 841 1926 890 codicis

252 917 341 962 Mo
374 919 423 962 et
462 916 715 977 archetypi
753 916 975 964 codicum
1007 911 1400 979 ‘eclogariorum'
1433 909 1506 983 (o)
1540 919 1589 964 et
1620 916 1798 963 codicis
1830 930 1926 976 quo

254 989 496 1036 Maximus
550 984 847 1055 Planudes1)
901 1005 1016 1038 usus
1071 992 1156 1037 est.
1247 989 1479 1038 Codicum
1534 985 1925 1053 ‘eclogariorum'

256 1064 374 1111 satis
427 1063 520 1110 erit
570 1063 793 1111 attulisse
843 1066 1018 1111 testem
1066 1080 1220 1111 unum
1269 1063 1645 1112 Casanatensem
1687 1057 1778 1128 (=
1816 1057 1925 1127 Ca).

365 1137 752 1185 Necessitudinis
791 1138 945 1201 igitur
977 1153 1101 1199 quae
1139 1139 1269 1185 inter
1308 1137 1493 1186 codices
1531 1137 1791 1185 intercedit
1819 1138 1926 1184 vin-

252 1210 416 1258 culum
454 1211 546 1258 hoc
583 1211 675 1258 tibi
715 1214 922 1259 stemma
961 1211 1206 1259 ostendet:

373 1398 414 1452 1)
446 1395 566 1439 Vide
597 1411 641 1452 p.
679 1400 743 1439 73.
