2090 3162
217 131 324 183 356
769 130 996 174 LIBANH
1027 129 1249 174 ORATIO
1282 130 1344 174 VI

218 268 287 335 δή
337 286 389 319 τι
439 265 528 318 καὶ
577 266 637 318 τὸ
678 274 788 317 τῶν
839 265 1035 335 ἀρχῶν.
1114 267 1266 335 ἄρχει
1316 286 1398 329 τις
1437 269 1662 330 πόλεως·
1706 267 1788 320 ὅτι
1827 269 1899 336 μὴ

217 355 307 407 καὶ
347 357 568 421 ἔθνους,
609 354 808 423 ἀτυχεῖ.
877 357 1082 416 ἔθνους
1121 354 1324 425 ἕτερος·
1378 355 1462 408 ὅτι
1501 357 1572 424 μὴ
1611 359 1899 424 πλειόνων,

220 445 434 505 ἄθλιος·
490 445 763 496 πλειόνων
816 444 1005 511 ἄλλος,
1062 444 1144 496 ὅτι
1198 444 1270 511 μὴ
1325 443 1579 513 ὕπαρχος.
1664 445 1900 513 μηδενὸς

215 533 394 600 ἥττων
434 532 465 599 ἢ
503 533 678 597 μόνου
716 539 814 584 τοῦ
854 532 915 584 τὸ
971 540 1248 602 σχῆπτρον
1298 530 1519 601 ἔχοντος
1570 533 1768 602 ἀτυχής
1817 553 1901 596 τις,

171 641 191 673 5
217 619 340 688 παρ’
389 620 563 692 ἑαυτῷ
607 619 861 690 κέκριται.
940 620 1140 689 ἀτυχὴς
1195 620 1256 673 δὲ
1293 621 1381 674 καὶ
1423 620 1628 684 ἐκεῖνος
1668 621 1695 674 ὁ
1734 621 1900 690 μέγας

216 708 481 778 ὕπαρχος,
544 711 591 762 εἰ
645 711 716 778 μὴ
771 708 860 762 καὶ
917 708 977 761 ἐν
1032 710 1247 762 ὑπάτου
1303 713 1534 778 σχήματι
1589 714 1900 779 καθήμενος

216 801 429 866 φανείη.
491 799 609 865 ἥκει
647 797 737 850 καὶ
776 806 959 865 τοῦτο,
999 798 1027 851 ὁ
1068 798 1128 851 δὲ
1165 796 1256 851 καὶ
1287 799 1464 851 πάντα
1495 801 1714 851 πείθειν
1745 800 1900 866 ἄγειν

215 905 273 937 τε
311 880 345 955 ᾗ
386 888 541 940 δοκοῖ
579 888 677 939 τὸν
715 885 941 954 βασιλέα
979 889 1333 955 βουλόμενος,
1372 889 1420 940 εἰ
1461 888 1563 940 οὐκ
1594 886 1663 940 ἂν
1695 880 1810 949 οἷός
1841 906 1899 939 τε

217 980 323 1043 εἴη,
367 977 560 1028 δεινόν
597 995 648 1028 τι
696 983 886 1043 τοῦτο,
936 976 1026 1028 καὶ
1066 976 1098 1044 ἡ
1147 977 1290 1045 Τύχη
1333 977 1605 1045 δυσμενὴς
1643 974 1732 1029 καὶ
1773 974 1891 1029 οὐδ’

150 1084 191 1116 10
217 1062 407 1116 ὁτιοῦν
445 1074 555 1117 τῶν
596 1063 787 1133 ἑαυτῆς
828 1064 1081 1117 δέδωκεν.

328 1152 375 1204 6.
417 1150 508 1215 Ὡς
544 1154 821 1222 πραοτάτη
862 1173 922 1221 γε
960 1154 1058 1221 ἥδε
1097 1154 1129 1221 ἡ
1167 1155 1325 1222 θεός,
1374 1150 1414 1205 ὦ
1454 1152 1596 1221 νέοι,
1639 1152 1729 1206 καὶ
1771 1158 1900 1215 ἴσως

214 1259 324 1294 που
364 1240 454 1294 καὶ
494 1245 626 1312 γελᾷ
665 1243 802 1311 πρὸς
833 1243 935 1310 τὴν
965 1251 1076 1295 τῶν
1116 1241 1181 1294 οὐ
1222 1241 1359 1310 μέγα
1398 1241 1681 1310 εἰληφέναι
1712 1243 1900 1310 λεγόν·

214 1349 325 1382 των
366 1330 785 1399 ἀγνωμοσύνην,
825 1331 896 1393 ὡς
936 1330 1038 1383 οὐκ
1077 1330 1496 1399 ἀγανακτήσασα
1535 1331 1708 1393 εὐθὺς
1739 1330 1899 1398 ἀφαι-

216 1427 388 1487 ρεῖται
426 1420 493 1472 τὰ
531 1419 823 1488 δεδομένα,
863 1420 1228 1487 διδάσκουσα,
1273 1419 1446 1473 ὁπόσα
1485 1414 1554 1487 ἦν
1595 1421 1806 1488 σφίσιν,
1846 1421 1900 1472 οἱ

150 1527 190 1559 15
217 1504 277 1559 δὲ
327 1507 430 1560 οὐκ
479 1505 810 1576 ᾐσθάνοντο.
890 1508 935 1560 7.
990 1509 1141 1561 δοκεῖ
1191 1506 1256 1560 δέ
1297 1528 1390 1576 μοι
1437 1508 1526 1560 καὶ
1573 1511 1762 1577 Κῦρος
1807 1506 1898 1560 καὶ

214 1600 452 1664 Δαρεῖος
489 1597 579 1648 καὶ
619 1595 819 1666 Ξέρξης
858 1597 1250 1666 στρατεύοντες
1296 1594 1385 1664 ἐφ’
1431 1597 1502 1664 ἣν
1541 1597 1692 1649 οὔπω
1733 1591 1899 1664 εἶχον,

215 1686 552 1753 μεμφόμενοι
591 1691 657 1756 τῇ
690 1686 833 1755 Τύχῃ
865 1691 1031 1738 τοῦτο
1064 1693 1262 1752 ποιεῖν,
1303 1684 1386 1737 ὅτι
1418 1686 1488 1753 μὴ
1520 1685 1611 1737 καὶ
1641 1685 1855 1737 τούτων
1889 1684 1895 1753 Ι

125 1785 271 1828 R243
304 1771 589 1843 ἐκράτουν,
643 1772 732 1826 καὶ
787 1775 834 1826 εἰ
889 1772 1136 1842 ἐγεγόνει
1189 1781 1284 1841 τῆς
1317 1771 1576 1835 Ἑλλάδος
1633 1773 1899 1841 δεσπότης

217 1857 379 1924 οὗτος
416 1860 445 1914 ὁ
487 1860 730 1931 Πέρσης,
782 1863 933 1915 δοκεῖ
980 1882 1073 1929 μοι
1124 1860 1228 1914 κᾶν
1274 1862 1375 1930 τὴν
1425 1862 1559 1930 ὅλην
1597 1869 1704 1929 γῆν
1742 1861 1900 1914 ἀπαι-

151 1971 193 2002 20
217 1957 377 2017 τῆσαι
415 1950 516 2018 τὴν
566 1951 749 2019 Τύχην
787 1949 820 2018 ἢ
860 1959 1035 2012 κακῶς
1075 1949 1143 2003 ἂν
1183 1951 1372 2018 εἰπεῖν,
1412 1950 1484 2012 ὡς
1523 1950 1624 2003 οὐκ
1663 1951 1901 2018 εὐμενῶς

216 2039 351 2108 πρὸς
383 2039 554 2091 αὐτὸν
586 2041 834 2107 ἔχουσαν.
901 2038 948 2090 8.
990 2037 1093 2091 κᾶν
1125 2039 1217 2091 διὰ
1255 2038 1478 2091 πάντων
1510 2035 1570 2090 δὲ
1603 2039 1901 2107 ἄνθρωπος

216 2126 501 2196 ἀπολαύσῃ
539 2134 635 2194 τῆς
680 2128 869 2196 τύχης,
922 2127 1160 2195 κάθηται
1211 2125 1416 2179 στένων
1455 2126 1694 2195 ἀνάγκης
1731 2127 1900 2194 οὔσης

338 2292 360 2330 1
392 2303 436 2329 τι
471 2288 514 2332 U
578 2284 648 2336 τίς
671 2288 790 2331 ΡΙΒ
818 2287 824 2340 Ι
853 2283 922 2330 ὅτι
953 2286 1014 2343 μὴ
1039 2313 1093 2318 -
1119 2291 1144 2329 2
1179 2285 1330 2341 ἕτερος
1361 2300 1435 2329 om
1460 2288 1504 2330 Β
1626 2290 1651 2329 3
1683 2286 1762 2330 καὶ
1793 2289 1899 2341 post

219 2345 280 2401 μὴ
304 2346 349 2389 Β
374 2347 421 2388 et
443 2346 567 2389 inser
591 2346 647 2390 1³
663 2346 764 2390 Mor
779 2345 848 2389 Re
969 2350 994 2388 3
1027 2347 1251 2401 punctum
1282 2346 1389 2401 post
1418 2344 1625 2402 «ὕπαρχος
1649 2344 1900 2389 delendum

218 2404 399 2448 censuih
431 2404 632 2448 Sintenis
775 2409 802 2446 4
833 2402 947 2461 μόνο
982 2418 1087 2448 cum
1117 2418 1279 2448 rasura
1310 2404 1446 2447 unius
1478 2403 1663 2448 li‘cterae
1703 2404 1747 2447 U
1784 2406 1790 2459 ι
1832 2419 1901 2454 τις

217 2477 295 2507 om
327 2465 372 2507 Β
522 2469 547 2507 5
579 2464 659 2507 καὶ
698 2477 774 2507 om
812 2464 899 2508 VB
1049 2469 1074 2507 6
1107 2464 1187 2508 καὶ
1219 2477 1293 2506 om
1334 2465 1378 2506 V
1411 2463 1417 2520 Ι
1460 2461 1671 2520 ὑπάρχου
1702 2462 1814 2505 Ferr
1853 2465 1901 2506 et

217 2522 320 2566 Mor
358 2522 456 2578 (sed
494 2539 549 2579 γρ
581 2521 762 2566 ὑπάτου
801 2522 850 2564 in
881 2523 1029 2579 marg>
1183 2527 1205 2565 7
1239 2523 1318 2566 καὶ
1348 2522 1476 2577 prius
1510 2535 1585 2565 om
1623 2522 1668 2564 U
1812 2525 1838 2564 8
1871 2513 1901 2580 ῂ

218 2583 355 2624 δοκοῖ
391 2594 466 2624 om
490 2583 536 2625 Β
578 2583 583 2637 Ι
625 2583 757 2625 δοκεῖ
784 2581 880 2626 VU
911 2583 958 2625 et
984 2582 1046 2626 Cp
1085 2593 1224 2637 supra
1264 2582 1400 2624 δοκοῖ
1435 2582 1483 2623 etz
1521 2580 1612 2623 edd
1654 2583 1659 2636 Ι
1702 2580 1787 2624 οὐκ
1819 2567 1896 2654 ἂν]

219 2640 302 2697 οὐχ
327 2641 362 2684 Ι
386 2639 468 2683 sed.
498 2657 524 2696 χ
555 2639 625 2683 m3
654 2640 704 2683 in
734 2653 808 2683 ras
839 2639 982 2683 trium
1011 2639 1288 2693 libberarum,
1321 2640 1366 2683 Β
1402 2641 1407 2695 Ι
1443 2635 1544 2683 οἷόν
1568 2639 1614 2682 Β
1732 2643 1785 2681 10
1817 2638 1899 2684 τὸν

229 2699 302 2743 UI
447 2703 498 2742 11
532 2715 582 2754 γε
621 2713 695 2742 om
728 2700 772 2742 B
815 2700 820 2754 Ι
862 2697 945 2755 ἥδε
985 2712 1041 2742 ex
1079 2694 1163 2752 ἧὸε
1201 2711 1302 2742 eon·
1330 2698 1398 2742 Ap
1472 2697 1562 2753 ἤδη
1596 2699 1641 2742 Β
1683 2697 1689 2756 Ι
1733 2697 1901 2753 ἄνδρες

218 2757 277 2800 1³
307 2757 358 2800 in
387 2771 462 2801 ras
486 2758 532 2801 Β
557 2759 604 2801 et
634 2775 688 2813 γρ
713 2757 815 2801 Mor
845 2758 893 2801 in
924 2771 1058 2814 marg
1127 2756 1184 2801 cf.
1210 2771 1271 2801 01·
1283 2756 1326 2800 V
1341 2772 1391 2830 p.
1419 2761 1518 2810 311,
1538 2761 1562 2800 2
1679 2760 1733 2799 13
1759 2756 1898 2807 ὡς·-

223 2820 277 2860 15
309 2814 577 2883 ᾐσθάνοντο
617 2830 693 2859 om
724 2818 770 2860 B
936 2821 988 2859 19
1022 2818 1153 2860 δοκεῖ
1189 2833 1267 2872 μοι
1308 2813 1397 2860 κᾶν
1440 2813 1604 2871 scripsi
1645 2815 1900 2870 praeeunte

221 2861 402 2918 Sint‘em
439 2875 520 2930 qui
558 2876 716 2919 tamen
753 2876 834 2919 καὶ
865 2875 1064 2919 servavit
1149 2874 1300 2919 ἐδόκει
1341 2891 1418 2930 μοι
1461 2874 1541 2918 καὶ
1571 2874 1783 2919 AOPUI
1807 2873 1900 2916 edd

281 2931 430 2977 ἐδόκει
462 2933 521 2977 άν
553 2950 630 2990 μοι
662 2935 741 2977 καὶ
774 2935 818 2978 V
884 2933 1034 2978 ἐδόκει
1065 2949 1142 2990 μοι
1175 2947 1249 2976 om
1274 2934 1319 2977 Β
