2090 3162
743 100 969 145 LIBANH
1003 101 1224 146 ORATIO
1258 102 1317 146 XI
1762 104 1863 156 531

191 237 477 289 σταδίων
516 237 827 304 θαλάμων
865 237 1101 306 ταχέως
1140 238 1458 305 ὑψίγυιον
1497 240 1715 303 ἄλσος,
1755 248 1868 301 τοῖς

190 325 572 393 ἁπανταχόθεν
611 324 795 388 ξύλοις
835 325 906 378 δι’
953 326 1124 378 αὑτοῦ
1163 325 1416 395 παρέχων
1454 326 1636 394 ὁλκήν.

301 413 422 465 263.
471 417 580 466 Τοῦ
622 422 868 480 ποταμοῦ
910 415 970 467 δὲ
1003 413 1267 482 ἐννοήσας
1296 416 1391 477 τὰς
1422 416 1496 477 εἰς
1534 416 1635 483 τὴν
1666 416 1868 468 θάλατ-

188 522 288 554 ταν
338 501 566 568 ἐκβολὰς
605 501 828 570 ἕλκομαι
866 504 1004 570 πρὸς
1042 504 1142 570 τὴν
1188 511 1286 555 τοῦ
1335 503 1598 571 λιμένος
1636 506 1867 572 μνήμην.

189 590 254 643 ὃν
308 591 408 658 οὐχ
458 585 538 642 ὧν
579 586 718 642 εἶναι
771 591 945 658 δοκεῖ,
996 592 1208 643 τούτων
1246 592 1546 659 κηδόμενος
1584 591 1612 643 ὁ
1652 601 1868 659 κρατῶν
1914 613 1932 645 5

193 679 649 748 μετερρύθμισεν,
697 678 834 731 ἀλλὰ
879 679 1130 747 τέτμηται
1177 679 1277 748 μὲν
1323 679 1383 732 ἐν
1423 683 1742 750 Σελευκείᾳ,
1789 680 1869 733 τέ-

188 786 382 835 τμηται
422 764 482 820 δὲ
519 767 658 835 ὑπὲρ
691 774 786 835 τῆς
824 767 1083 836 ’ἡμετέρας
1114 770 1358 840 τοσούτω
1389 775 1572 839 χρυσῷ
1614 771 1776 837 λιμὴν
1809 768 1868 821 ἐκ

184 857 382 924 πέτρας
436 858 752 924 γενόμενος,
806 857 938 909 ὅσον
993 856 1123 909 οὐδὲ
1173 859 1398 928 Κροίσῳ
1433 861 1439 920 Ι
1477 859 1775 920 Πακτωλὸς
1808 871 1952 913 3362

186 944 537 1014 ε’θησαύρισε.
599 945 721 996 264.
761 952 1059 1014 τοιγαροῦν
1098 947 1277 999 ἅπασα
1316 948 1666 1014 πανταχόθεν
1704 946 1866 1008 ὁλκὰς

186 1033 443 1101 ἀνάγεται
497 1035 562 1086 τὰ
617 1036 968 1102 πανταχόθεν
1015 1032 1247 1101 ἄγουσα,
1296 1035 1529 1102 Λιβύης,
1577 1035 1865 1102 Εὐρώπης,
1890 1055 1933 1088 ιο

179 1121 378 1189 Ἀσίας,
416 1123 617 1190 νήσων,
657 1122 913 1190 ἠπείρων,
952 1121 1042 1174 καὶ
1080 1132 1192 1174 τῶν
1231 1120 1529 1191 ἑκασταχοῦ
1561 1124 1866 1174 καλλίστων

183 1211 244 1262 τὸ
304 1208 601 1264 κάλλιστον
659 1210 826 1279 δεῦρο
884 1213 1152 1279 κομίζεται
1208 1218 1304 1278 τῆς
1370 1212 1446 1273 εἰς
1503 1212 1603 1279 τὴν
1661 1219 1867 1279 πρᾶσιν

184 1299 442 1367 ὀξύτητος
491 1300 713 1367 γνώμας
766 1298 1018 1368 ἐμπόρων
1072 1301 1238 1369 δεῦρο
1292 1295 1564 1367 καλούσὴς
1616 1298 1706 1351 καὶ
1761 1305 1867 1366 γῆν

188 1389 405 1441 ἅπασαν
445 1387 518 1441 δι’
563 1388 733 1455 αὐτῆς
771 1389 1146 1457 καρπούμεθα.
1206 1392 1432 1440 πλεῖστα
1472 1388 1539 1455 δὴ
1579 1397 1689 1440 τῶν
1728 1387 1864 1456 ὑπὲρ

183 1475 457 1544 πελάγους
482 1476 854 1529 ἁπλωθέντων
880 1478 1069 1529 ἱστίων
1094 1475 1330 1543 λιμένων
1354 1472 1514 1538 οὗτος
1539 1474 1864 1528 συνέστειλε.
1890 1497 1930 1529 15

295 1563 417 1616 265.
474 1568 541 1617 Τι’
583 1560 687 1617 οὖν
727 1566 795 1633 δὴ
842 1566 1167 1634 θαυμαστὸν
1205 1565 1465 1632 τοιαύτην
1503 1564 1603 1631 μὲν
1642 1562 1864 1631 νεμομέ-

184 1672 317 1715 νους
357 1661 478 1722 γῆν,
517 1654 748 1725 τοιούτῳ
789 1650 850 1705 δὲ
889 1652 1128 1724 ἐμπορίῳ
1167 1652 1503 1722 χρωμένους,
1542 1654 1765 1720 ἔχοντας
1804 1652 1866 1705 δὲ

185 1742 472 1810 σύμμαχον
517 1738 619 1810 μὲν
674 1744 890 1810 λίμνην,
945 1749 1192 1810 ποταμοῦ
1248 1742 1309 1794 δὲ
1360 1743 1538 1809 πόρον
1592 1742 1866 1809 συνεργὸν

305 1919 330 1958 6
371 1915 496 1959 Hier.
539 1915 693 1959 chron.
728 1929 767 1959 a.
802 1913 908 1959 Abr.
945 1920 1058 1959 2362
1090 1930 1134 1971 p.
1164 1920 1246 1959 193
1265 1915 1366 1959 Seh.
1399 1913 1484 1964 Iul,
1518 1929 1579 1958 or.
1612 1914 1632 1957 I
1667 1930 1711 1970 p.
1737 1914 1862 1958 40D.

183 1973 388 2030 Theoph.
432 1974 587 2018 chron.
619 1990 664 2031 p.
692 1979 769 2028 38,
799 1979 823 2017 6
858 1975 926 2018 ed.
962 1975 1018 2018 de
1049 1975 1180 2018 Boor.
1333 1979 1359 2018 8
1398 1974 1503 2018 Her.
1529 1973 1571 2016 V
1599 1978 1702 2027 101,
1729 1978 1753 2016 2
1787 1972 1862 2029 (cf.

184 2032 350 2076 Suidas
383 2048 415 2076 s.
450 2049 490 2077 v.
523 2031 700 2090 Μίδας)

238 2226 241 2230 -
303 2201 325 2239 1
359 2192 534 2252 ῥαδίως
565 2210 706 2253 supra.
735 2194 907 2253 ταχέως
930 2194 999 2239 Β*
1025 2198 1031 2251 Ι
1059 2193 1262 2252 ὑψίγυον
1289 2196 1482 2240 CAPCa
1503 2195 1566 2238 Re
1638 2193 1863 2252 ὑ-ψίγαιον

190 2253 264 2299 ΠΙ
336 2253 544 2313 ὑψίγεων
577 2257 661 2300 Mo
737 2253 963 2310 μετέωρον
995 2267 1136 2311 supra.
1177 2251 1399 2310 ὑψίγυιον
1431 2254 1499 2298 B²
1546 2264 1553 2311 ι
1604 2254 1713 2299 ἆλσο
1758 2267 1862 2297 cum

182 2325 344 2357 rasura·
381 2314 520 2358 unius
558 2313 745 2357 litterae
785 2314 829 2358 U
897 2314 1085 2369 πληθὺν
1124 2326 1264 2369 supra
1302 2312 1441 2364 ἄλσος
1472 2312 1541 2358 ΒΞ
1660 2319 1685 2356 2
1718 2314 1863 2356 αὐτοῦ

182 2372 430 2417 ΑΡΠΒΜ
449 2371 550 2430 (sed
581 2373 631 2416 in
662 2373 750 2417 hoc
775 2372 965 2429 spiritus
990 2374 1166 2426 erasus)
1190 2371 1344 2417 MoGa
1359 2372 1460 2415 Mor
1486 2372 1492 2430 Ι
1518 2369 1723 2430 παρέχον
1753 2373 1864 2416 [Mo

182 2432 231 2475 et
268 2443 294 2474 o
332 2429 563 2491 navigan>
588 2444 691 2475 oon·
722 2434 800 2485 Μ,
847 2431 1044 2475 fot-husee
1090 2433 1215 2475 reete
1364 2435 1390 2473 3
1427 2431 1520 2475 Τοῦ
1559 2438 1770 2487 ποταμοῦ
1804 2457 1863 2463 -

182 2492 209 2532 9
334 2489 523 2545 &animae
539 2489 673 2535 'citat
700 2489 818 2534 Plan
856 2490 935 2534 fol.
963 2495 1042 2534 99*
1174 2495 1200 2533 3
1230 2489 1475 2534 θάλασσαν
1515 2489 1708 2549 ἐμβολὰς
1744 2489 1862 2533 Plan

240 2551 268 2591 4
347 2562 433 2594 nov
466 2551 550 2595 Mo
585 2551 592 2606 Ι
624 2557 717 2594 τῶν
754 2547 948 2606 λιμένων
973 2548 1059 2594 Mo
1134 2549 1240 2604 περὶ
1277 2555 1359 2592 τοῦ
1399 2547 1580 2606 λιμένος
1616 2547 1781 2592 titulus
1812 2548 1862 2591 in

180 2606 394 2668 maugI¹
524 2608 658 2652 θάλλ
700 2621 804 2652 eum
845 2607 1860 2664 rasmllitoeranflintertetuin

179 2663 393 2722 τέτμηται
425 2666 532 2723 (bis)
560 2678 724 2711 rasura
749 2671 771 2710 1
798 2666 983 2711 litterae
999 2667 1051 2711 B
1148 2671 1170 2709 7
1203 2665 1434 2723 ἡμετέρας.
1460 2666 1530 2711 Re
1637 2670 1690 2710 10
1722 2668 1860 2720 δεῦρο

180 2723 431 2782 κατάγεται
462 2725 567 2770 coni
589 2726 659 2770 Re
767 2730 820 2769 13
853 2730 939 2783 γῆν
971 2738 997 2770 e
1026 2725 1111 2782 τὴν
1142 2739 1244 2770 corr
1267 2727 1300 2769 Ι
1401 2730 1455 2769 14
1487 2726 1633 2770 αὐτοῦ
1664 2726 1767 2769 coni
1792 2725 1861 2769 Re

242 2787 295 2826 15
342 2783 478 2841 λιμὴν
525 2783 671 2829 Cobet
714 2784 844 2830 Mine.
879 2788 963 2828 164
1097 2790 1151 2828 16
1198 2784 1255 2841 δὴ
1302 2797 1380 2828 om
1411 2785 1586 2830 BMGa
1626 2787 1634 2840 Ι
1676 2782 1861 2838 „malim

179 2843 358 2888 dativo-s·
388 2841 658 2899 νεμομένοις
681 2869 736 2876 -
760 2842 1014 2901 χρωμένοις
1034 2869 1091 2877 -
1118 2842 1299 2901 ἔχουσι“
1324 2843 1393 2887 Re
1545 2845 1598 2887 17
1633 2841 1860 2900 &panetio

179 2901 296 2947 Rea
346 2903 352 2958 Ι
401 2900 454 2947 δὲ
483 2901 609 2946 inser
636 2902 673 2946 I

1509 2976 1595 3020 34⁸
