2094 3202
620 143 846 186 LIBANII
880 141 1220 186 ORATIONES
1657 141 1763 195 325

197 285 326 332 148V
365 282 480 347 μετὰ
518 281 576 331 τὰ
614 281 666 331 ἐν
705 282 963 347 χαιρωνεία
1002 282 1239 344 φίλιππος
1278 280 1474 344 ἐξήτησε
1514 279 1762 345 δημοσθέ-

86 378 181 422 νην
222 352 316 424 (IV
350 360 456 406 240
493 351 559 423 R)

198 433 327 480 151V
368 429 482 494 μετὰ
521 430 685 495 τροίας
724 429 906 478 ἅλωσιν

199 506 301 553 156
367 503 482 568 μετὰ
520 503 578 552 τὰ
616 503 669 552 ἐν
708 507 938 567 σαλαμῖνι

200 581 298 627 161
368 578 420 627 ἐκ
458 585 545 627 τοῦ
585 576 810 626 ἐναντίου
851 575 875 625 ὅ
916 580 1239 641 θεμιστοκλῆς

197 655 297 700 166
364 650 388 700 ὅ
428 653 586 715 κίμων
625 651 773 699 αἰτῶν
812 649 933 717 ὑπὲρ
973 658 1060 699 τοῦ
1099 650 1280 717 πατρὸς
1323 651 1536 715 δεθῆναι

197 729 301 775 170
364 726 509 790 φήμη
549 718 613 789 ἦν
651 729 874 774 συνεῖναι
912 724 997 774 τὸν
1035 723 1215 790 πατέρα

196 802 298 848 175
362 799 588 864 ἐζήτησεν
628 796 653 847 ὅ
693 800 930 862 φίλιππος
969 798 1054 848 τὸν
1094 797 1414 863 ὃημοσθένην
1456 793 1551 865 (IV
1586 792 1715 865 253)

197 876 327 922 178v
366 873 620 936 ἐπιτάφιος
652 871 730 922 ἐπὶ
763 873 912 938 μαρία
944 871 1087 939 μητρὶ
1119 879 1391 939 μαρκιανοῦ
1418 867 1511 939 (=
1539 871 1763 921 Choric.

81 967 128 1012 p.
156 943 249 1015 37)
283 964 393 996 cum
431 951 551 996 nota
580 948 632 995 'm
664 948 886 1011 margine
919 947 1188 1009 adscripta:
1228 945 1325 1010 Μὴ
1365 953 1506 995 τοῦτο
1546 945 1643 995 ἐστὶ
1682 953 1768 995 τοῦ

14 1030 18 1033 ’
84 1022 336 1088 Χωρικίου
377 1019 443 1080 ὡς
482 1020 575 1087 ἐγὼ
614 1021 796 1085 νομίζω

6 2705 15 2896 -..μς-..μ
9 2635 11 2637 ,

196 1098 326 1144 181v
363 1095 620 1158 ἐπιτάφιος
659 1093 738 1144 ἐπὶ
776 1095 1029 1161 προκοπίω
1069 1102 1278 1159 σοφιστῇ
1317 1094 1467 1160 γάζης
1515 1089 1765 1161 (Choric.

80 1188 126 1234 p.
164 1163 218 1237 1)
259 1186 370 1218 cum
407 1173 526 1218 nota
563 1170 617 1218 in
654 1171 877 1233 margine
917 1169 1187 1232 adscripta:
1231 1175 1317 1217 τοῦ
1355 1169 1586 1234 χωρικίου
1625 1175 1766 1217 τοῦτο

83 1242 216 1294 ἐστὶν
256 1241 326 1292 ὡσ
365 1242 457 1310 ἐγὼ
496 1243 677 1307 νομίζω

197 1319 299 1367 187
362 1316 604 1383 ἐγκώμιον
641 1316 694 1367 ἐκ
732 1324 819 1365 τοῦ
858 1317 1116 1382 προχείρου
1155 1316 1225 1375 εἰς
1261 1324 1483 1380 σοῦμμον
1514 1315 1600 1366 τὸν
1630 1315 1769 1365 ἐνδο-

82 1392 281 1452 ξότατον
320 1391 651 1456 στρατηλάτην
684 1385 933 1458 (Ghoric.
966 1408 1012 1452 p.
1040 1385 1132 1458 25)
1167 1407 1279 1438 cum
1311 1395 1429 1439 nota
1460 1391 1512 1438 in
1544 1392 1767 1454 margine

85 1466 358 1529 adscripta:
396 1473 483 1514 τοῦ
522 1466 754 1530 χωρικίου
794 1463 922 1514 ἐστιν
962 1462 1032 1513 ὥσ
1070 1460 1205 1528 οἶμαι

199 1542 302 1588 190
364 1540 643 1604 λιβανίου
682 1536 815 1605 περὶ
854 1537 1184 1602 ἀπληστίας

197 1616 296 1662 191
363 1613 436 1662 ὅτι
473 1613 526 1663 τὸ
572 1616 800 1662 πλουτεῖν
845 1610 1027 1671 ἀδίκως
1065 1619 1152 1662 τοῦ
1191 1610 1427 1662 πένεσθαι
1466 1610 1766 1678 ἀθλιώτερον

203 1690 306 1737 192
370 1685 478 1753 περὶ
522 1687 730 1746 πενίας

200 1763 302 1810 193
366 1761 632 1827 παράσιτος
669 1759 748 1810 ἐπὶ
788 1760 989 1810 δεῖπνον
1027 1759 1231 1824 κληθεὶς

196 1836 298 1884 196
362 1833 624 1899 ἠθοποιία·
694 1834 829 1893 τίνας
896 1832 960 1882 ἂν
1019 1834 1148 1883 εἴποι
1210 1834 1385 1900 λόγους
1446 1834 1609 1901 πόρνη
1674 1847 1771 1883 σω-

84 1907 376 1974 φρονήσασα

363 1980 652 2049 ἀφαιρεθεὶς
697 1980 916 2047 ἀχιλλεὺς
954 1989 1042 2046 τῆς
1086 1982 1341 2048 βρισηίδος
1380 1982 1476 2030 des.
1518 1983 1601 2031 fol.
1645 1983 1769 2031 203.

195 2057 481 2119 Sequuntur
517 2060 633 2119 post
676 2055 929 2115 ἐπιστολὰς
976 2055 1246 2122 φαλάριὸος
1294 2050 1402 2123 (fol.
1444 2050 1574 2123 204)
1615 2053 1768 2105 ἀπολ-

82 2130 264 2180 λωνίου
302 2138 389 2180 τοῦ
427 2128 640 2189 τυανέως
671 2123 852 2198 (215),
888 2130 1103 2196 βρούτου
1135 2124 1307 2195 (219),
1345 2130 1575 2179 συνεσίου
1613 2148 1766 2197 κυρη-

83 2204 230 2253 ναίου
261 2202 521 2262 ἐπιστολὰς
559 2202 641 2252 καὶ
679 2203 856 2269 λόγους
896 2198 1051 2271 (224)
1090 2204 1204 2252 inde
1244 2221 1274 2252 a
1314 2205 1434 2253 folio

196 2280 299 2326 272
362 2278 587 2343 λιβανίου
632 2285 719 2327 τοῦ
765 2284 1002 2341 σοφιστοῦ
1040 2276 1308 2342 ἐπιστολαί,
1357 2294 1570 2340 quarum
1604 2279 1768 2340 prima

83 2349 246 2416 ἕτερον
275 2358 450 2401 τοῦτον
488 2350 631 2417 δέχου
664 2346 760 2418 (=
785 2369 859 2414 ep.
895 2345 1078 2419 1160),
1114 2351 1292 2400 ultima
1324 2345 1481 2419 (251)
1514 2349 1574 2401 οὐ
1613 2350 1768 2415 μόνον

84 2423 163 2474 ἐπὶ
205 2424 297 2490 τὴν
341 2425 638 2492 χρηστότητα
677 2420 772 2493 (=
805 2419 936 2493 826)
985 2426 1105 2475 folio
1146 2427 1250 2474 323
1291 2426 1484 2474 desinit.
1561 2425 1770 2474 Abscisa

86 2501 203 2548 sunt
228 2499 422 2562 reliqua
451 2500 574 2549 folia
606 2501 673 2548 36
708 2499 1013 2548 continentia
1043 2499 1241 2548 Libanii
1279 2515 1405 2562 quae
1437 2500 1768 2562 sequebantur

85 2573 139 2620 in
178 2574 446 2635 exemplari
485 2573 738 2636 epistulas,
778 2574 986 2622 fortasse
1026 2574 1176 2622 etiam
1216 2573 1327 2622 alia.

194 2646 519 2708 Inspexerunt
562 2663 673 2695 mea
726 2647 890 2711 gratia
934 2647 1150 2696 codicem
1196 2662 1325 2695 anno
1374 2648 1514 2695 1879
1562 2646 1763 2694 Manuel

85 2719 299 2781 Gedeon,
325 2722 466 2770 1894
482 2720 762 2769 Alexander
785 2721 1044 2769 Lauriotes
1068 2721 1484 2782 bibliothecarius,
1504 2721 1591 2783 qui
1614 2719 1767 2768 etiam

83 2796 278 2857 partem
316 2794 598 2842 orationum
636 2797 688 2843 et
718 2794 1130 2843 declamationum
1159 2794 1358 2842 Libanii
1396 2797 1447 2842 et
1477 2793 1769 2842 Choriciana

86 2867 297 3007 cffitulzt
312 2868 480 3007 8εὲιὲὶύ
517 2883 628 2916 cum
659 2867 840 2917 Ottone
878 2867 1011 2916 Kern
1044 2872 1095 2917 et
1123 2868 1390 2917 Parthenio
1421 2867 1768 2931 PappaJanno-

85 2956 120 3002 p
177 2956 206 2990 o
278 2943 303 2988 1
356 2991 359 2995 ,
447 2978 458 2988 .

2083 1935 2090 1998 *Δ
2084 1810 2094 1885 -οο-
