2090 3162
261 121 368 172 514
812 122 1037 165 LIBANII
1069 122 1291 166 ORATIO
1324 123 1387 166 XI

260 256 551 325 ἀγασθείη,
630 258 692 308 τὰ
743 254 842 322 μὲν
894 259 996 327 γὰρ
1049 258 1283 327 ἁρμόδια
1322 268 1560 327 χειμῶνι,
1599 261 1663 312 τὰ
1704 261 1763 313 δὲ
1804 274 1938 328 συμ-

259 347 522 413 βαίνοντα
562 344 740 413 θέρει,
787 347 853 397 τὰ
897 344 997 412 μὲν
1043 344 1143 410 ἔξω
1190 347 1516 413 πνευμάτων
1555 349 1835 417 σφοδρῶν,
1873 351 1939 402 τὰ

259 433 307 485 δ’
355 435 531 502 ὥσπερ
572 433 812 501 μετέωρα
850 433 941 487 καὶ
983 435 1049 487 οὐ
1089 443 1464 489 κοινωνοῦντα
1503 444 1596 504 τῆς
1636 444 1747 504 γῆς.
1815 438 1937 491 221.

258 523 462 573 οἰκίαι
496 519 556 574 δὲ
589 523 643 574 αἱ
675 519 777 590 μὲν
809 522 1163 589 ἀνιστάμεναι
1195 532 1289 592 τῆς
1327 526 1606 593 παρούσης
1639 526 1937 595 φαιδρότη-

213 631 230 662 5
256 630 362 679 τος,
401 611 455 662 αἱ
497 607 557 662 δὲ
589 620 699 663 τῶν
731 609 1047 680 ἔμπροσθεν
1080 614 1294 681 χρόνων
1327 612 1386 665 ἐν
1417 619 1490 684 τῷ
1524 616 1722 685 μετρίῳ
1755 617 1936 686 τρόπῳ

255 701 314 751 τό
354 718 411 750 τε
449 699 808 767 ὑπερήφανον
849 702 1250 768 διαφεύγουσαι
1300 701 1390 753 καὶ
1437 702 1497 754 τὸ
1552 702 1936 772 ἀνελεύθερον.

365 788 487 840 222.
533 790 605 840 Εἰ
646 789 706 841 δὲ
746 790 832 841 δεῖ
867 790 938 857 μὴ
981 798 1200 858 σιγῆσαι
1238 791 1298 842 τὸ
1339 797 1446 843 νῦν
1485 789 1738 859 ἐπελθόν,
1778 791 1806 844 ὁ
1842 791 1938 844 Ζέ-

168 888 208 930 R,
232 893 314 931 346
349 878 525 945 φυρός
556 897 650 945 μοι
682 878 832 930 δοκεῖ
862 887 1045 931 πεῖσαι
1068 878 1482 948 τοὺςόἐρχαίους
1506 881 1791 948 οἰκήτορας
1826 881 1831 948 Ι
1866 882 1938 949 μὴ

253 965 430 1017 πάντα
487 967 661 1018 πόνον
720 964 1138 1033 εἰσενέγκασθαι
1195 968 1322 1037 περὶ
1375 970 1504 1029 τοὺς
1558 970 1788 1036 τοίχους.
1865 971 1939 1032 ὡς

186 1074 230 1106 10
255 1054 403 1116 ὅσοις
442 1051 542 1119 μὲν
580 1055 645 1106 τὰ
683 1064 794 1107 τῶν
833 1054 1010 1123 ἀέρων
1050 1056 1150 1108 οὐκ
1191 1051 1251 1108 εὗ
1293 1055 1498 1124 ἕστηκε,
1538 1058 1638 1124 τὴν
1678 1056 1765 1109 ἀπ’
1805 1057 1937 1110 ἐκεί-

254 1162 367 1194 νων
422 1146 783 1211 ψυχαγωγίαν
836 1153 1209 1213 μηχανῶνται,
1265 1144 1396 1212 ἡμῖν
1452 1142 1512 1197 δὲ
1558 1146 1655 1198 τὸν
1708 1147 1937 1213 ἥδιστον

254 1231 456 1300 ἄνεμον
506 1230 909 1300 καρπουμένοις
958 1234 1046 1285 καὶ
1098 1232 1306 1285 ἐσθλὸν
1356 1231 1590 1302 ἑταῖρον,
1642 1235 1714 1296 ὥς
1765 1248 1937 1303 φησιν

242 1317 490 1390 Ὅμηρος,
523 1319 870 1388 κεκτημένοις
894 1322 992 1373 τὸν
1021 1320 1278 1390 Ζέφυρον
1311 1318 1478 1374 οὐδὲν
1510 1323 1593 1374 δεῖ
1624 1326 1936 1393 περιεργίας

255 1416 352 1460 τοῦ
408 1413 548 1460 θεοῦ
603 1407 938 1478 παρέχοντος
985 1418 1217 1479 τρυφᾶν.
1297 1411 1419 1463 223.
1467 1409 1783 1479 Ἀθηναίοις
1836 1409 1937 1480 μὲν

187 1517 227 1548 15
254 1498 355 1564 γὰρ
405 1496 433 1549 ὁ
482 1496 691 1567 Βορέας
731 1498 1183 1566 συνεναυμάχησε
1229 1501 1462 1567 μισθόν,
1510 1500 1583 1562 ὥς
1631 1512 1827 1568 φασιν,
1872 1495 1936 1567 ἧς

253 1587 463 1653 ἥρπασε
494 1587 658 1654 κόρης
693 1586 885 1648 διδοὺς
911 1587 1012 1654 τὴν
1037 1587 1249 1655 δωρεὰν
1281 1588 1487 1655 αὐτοῖς,
1518 1588 1588 1655 ἣν
1619 1588 1685 1640 οὐ
1720 1589 1936 1656 σφόδρα

253 1676 546 1741 καθίστησι
585 1675 810 1742 μετρίαν
850 1674 878 1726 ὁ
918 1675 1196 1742 κηδεστής,
1236 1675 1372 1743 ἡμᾶς
1412 1675 1472 1727 δὲ
1511 1675 1539 1727 ὁ
1577 1675 1828 1746 Ζέφυρος
1867 1676 1934 1729 οὐ

251 1763 623 1830 προαδικήσας
670 1759 785 1815 εἶτα
832 1759 893 1815 εὖ
941 1772 1109 1831 ποιεῖ,
1158 1762 1271 1816 ἀλλ’
1323 1763 1418 1834 ε’ρᾷ
1466 1763 1582 1832 μέν,
1631 1763 1727 1834 ε’ρᾷ
1768 1761 1827 1816 δὲ
1868 1765 1932 1817 οὐ

252 1853 439 1919 κόρης,
503 1849 619 1903 ἀλλ’
682 1852 811 1920 ὅλης
865 1859 958 1919 τῆς
1019 1854 1225 1914 πόλεως
1280 1850 1453 1922 ἔρωτα
1508 1852 1791 1905 ἀθάνατον
1844 1854 1933 1906 καὶ

186 1961 228 1992 20
253 1940 536 2008 κατασχὼν
567 1939 737 1992 αὑτὸν
771 1948 871 1993 τοῦ
903 1950 1183 2009 χειμῶνος,
1215 1941 1378 2008 ἡνίκα
1409 1937 1577 2009 οἶδεν,
1618 1943 1665 1993 εἰ
1695 1944 1933 2011 προσίοι,

253 2030 528 2096 λυπήσων,
569 2028 972 2098 συνεισέρχεται
1003 2035 1079 2100 τῷ
1119 2027 1274 2099 θέρει
1305 2030 1365 2082 τὸ
1401 2037 1580 2096 καῦμα
1611 2028 1932 2098 ἑπισχήσων.

254 2115 374 2167 224.
423 2117 511 2168 καὶ
559 2117 684 2169 οὔτε
732 2116 887 2187 ἑτέρᾳ
932 2117 1037 2185 πρὸ
1085 2117 1240 2186 ἡμῶν
1280 2117 1455 2184 ὁμιλεῖ
1493 2120 1649 2170 πόλει
1690 2118 1815 2170 οὔτε
1855 2116 1924 2170 δι’

1210 2204 1517 2226 ””””

251 2201 405 2271 ἡμῶν
453 2203 538 2273 ἐφ’
586 2202 774 2272 ἑτέραν
823 2207 1059 2275 ἔρχεται,
1107 2205 1206 2258 ἀλλ
1270 2226 1347 2275 αφ
1409 2226 1563 2274 ημων
1609 2224 1666 2257 τε
1714 2207 1932 2276 ἄρχεται

372 2398 426 2437 13
459 2392 542 2438 od.
575 2396 599 2436 λ
626 2398 663 2438 7.
726 2411 757 2451 μ
782 2399 864 2438 149
964 2367 966 2369 ’
1020 2400 1073 2438 14
1105 2395 1210 2439 Her.
1236 2395 1322 2438 vn
1349 2399 1431 2438 189
1466 2394 1520 2438 cf.
1547 2394 1610 2437 VI
1633 2400 1690 2438 44

370 2575 394 2612 1
428 2569 485 2613 τὰ
517 2570 748 2627 (alterum)
772 2572 807 2614 I
825 2572 872 2615 et
904 2571 947 2615 U
967 2571 1047 2614 sed
1079 2571 1128 2614 in
1158 2571 1246 2615 hoe
1275 2587 1301 2614 τ
1325 2584 1506 2614 erasum
1569 2570 1599 2614 ἃ
1629 2569 1800 2626 reliqui
1821 2570 1932 2614 libri

253 2631 300 2671 eb
331 2646 384 2686 γρ
408 2628 510 2672 Mor
539 2630 588 2671 in
618 2643 751 2687 marg
893 2635 919 2673 5
950 2630 1033 2674 τὸν
1076 2632 1124 2674 et
1165 2628 1335 2688 χρόνον
1377 2631 1448 2675 UI
1491 2633 1495 2685 Ι
1545 2628 1669 2678 τόπω
1701 2630 1787 2673 Mo
1828 2631 1875 2673 et
1906 2643 1931 2674 e

251 2686 405 2743 τρόπω
438 2701 538 2732 corr
560 2689 596 2731 I
696 2693 719 2731 7
753 2687 776 2732 ὁ
809 2702 883 2732 om
910 2689 975 2733 Oa
1080 2693 1106 2732 8
1139 2687 1422 2746 ἀρχομένους
1446 2690 1530 2732 Mo
1636 2693 1661 2730 9
1693 2688 1931 2738 τοιούτους

255 2747 319 2790 Ca
442 2751 496 2790 13
520 2746 861 2804 παραιτουμένοις
885 2747 951 2791 Ga
977 2747 983 2806 Ι
1011 2764 1028 2791 ι
1053 2748 1249 2792 alterum
1275 2747 1324 2790 in
1346 2745 1611 2804 περιεργίας
1635 2761 1690 2791 ex
1714 2763 1754 2791 ει
1779 2761 1880 2790 corr
1900 2747 1934 2789 I

315 2810 368 2848 16
401 2805 481 2849 καὶ
512 2807 621 2849 ante
652 2806 735 2863 τὴν
766 2807 891 2850 inser
913 2805 971 2849 1²
1012 2807 1018 2864 Ι
1060 2805 1117 2862 ἣν
1149 2821 1225 2850 om
1254 2806 1304 2849 in
1333 2819 1408 2852 ras
1442 2806 1637 2849 duarum
1668 2805 1929 2849 listerarum

262 2864 334 2908 UI
463 2867 518 2907 18
551 2865 633 2926 ἐρᾷ
665 2866 744 2922 (1)]
787 2865 935 2921 ἐφορᾶ
961 2865 1045 2909 Mo
1160 2868 1235 2909 '19
1266 2865 1348 2908 καὶ
1373 2891 1425 2897 -
1453 2869 1551 2918 516,
1571 2869 1596 2907 2
1629 2864 1776 2920 αὔρας
1813 2863 1930 2907 citat

253 2921 371 2966 Plan
401 2922 478 2966 fol.
506 2927 586 2966 99v
719 2929 772 2967 21
808 2922 1142 2981 συνεισέρχεται
1173 2937 1197 2967 e
1230 2922 1497 2982 συνέρχεται
1529 2937 1628 2967 corr
1650 2923 1709 2966 1²
