2090 3162
725 109 951 153 LIBANII
984 108 1207 153 ORATIO
1241 108 1304 151 XI
1747 109 1857 160 483

174 245 263 299 καὶ
326 246 535 315 ῥήματα
599 246 910 315 στρογγύλα
970 245 1061 297 καὶ
1119 245 1291 312 ῥεῦμα
1352 245 1657 312 ἄπαυστον,
1720 245 1857 296 ὥστε

171 336 363 388 πολλοὶ
410 344 521 387 τῶν
568 336 850 403 φιληκόων
895 335 972 395 εἰς
1016 334 1083 385 τὰ
1128 334 1450 401 δικαστήρια
1499 332 1857 397 συνθέουσιν,

171 425 351 490 ὥσπερ
393 425 468 485 εἰς
507 408 738 491 μουσεῖα
776 423 1104 490 παιδευτῶν,
1144 420 1224 474 ἐπ’
1265 422 1523 491 ἀκροάσει
1563 431 1674 474 τῶν
1711 423 1858 489 παρὰ

171 522 284 575 τοῖς
323 513 588 581 ἄρχουσιν
621 511 868 579 ἀγώνων,
909 510 1005 573 οὓς
1045 509 1106 563 ἐκ
1137 518 1235 563 τοῦ
1267 518 1594 580 παραχρῆμα
1625 509 1856 563 ἀνύτου-

172 617 262 654 σιν
295 600 706 669 ἀσφαλέστερον
736 609 847 652 τῶν
878 598 1237 667 ἐσκεμμένων.
1302 599 1421 650 140.
1454 599 1487 667 ἡ
1520 595 1579 651 δὲ
1612 600 1858 667 δεινότης
1904 620 1923 652 5

169 691 267 757 ἥδε
305 692 434 751 τοὺς
473 690 740 757 ἄρχοντας
778 687 1134 755 ε’παναγκάζει
1163 688 1408 756 τοῦνομα
1442 687 1449 755 Ι
1484 690 1765 755 βεβαιοῦν,
1796 699 1838 742 R
1859 704 1943 743 318

170 777 287 831 ἀλλ’
327 778 427 831 οὐκ
460 778 537 840 εἰς
568 778 859 846 τυράννων
896 779 1126 844 μίμησιν
1157 774 1448 843 ἐκβαίνειν.
1510 779 1567 828 τί
1603 773 1663 828 δὲ
1694 778 1855 828 τοῦτό

170 866 341 936 ἐστιν;
418 863 484 920 οὗ
531 864 633 935 μὲν
679 865 895 934 ἀμαθὴς
935 866 968 934 ἡ
1006 867 1207 934 βουλή,
1253 864 1357 917 κᾶν
1395 865 1541 917 πάνυ
1589 866 1855 934 ζάχρυσος

168 951 220 1024 ᾖ,
251 957 383 1022 μετὰ
414 956 678 1023 ἀφωνίας,
710 963 824 1017 τοῖς
854 951 955 1021 μὲν
988 956 1255 1023 ἄρχουσιν
1284 953 1510 1023 ὑβρίσαι
1540 955 1854 1022 πρόχειρον,

169 1053 283 1107 τοῖς
323 1042 383 1097 δὲ
423 1044 616 1114 φέρειν
655 1044 862 1111 ἀνάγκη
904 1050 1045 1113 σιγῇ.
1108 1043 1166 1095 οἱ
1193 1043 1294 1111 γὰρ
1328 1042 1430 1094 οὐκ
1461 1044 1676 1110 ἔχοντες
1708 1043 1853 1113 λόγῳ
1878 1063 1921 1096 10

168 1143 279 1186 τῶν
333 1135 564 1186 δικαίων
619 1133 928 1201 τυγχάνειν,
991 1131 1305 1197 ἀδικεῖσθαι
1364 1133 1703 1200 πρόκεινται,
1764 1128 1856 1183 καὶ

167 1223 410 1289 τοῦνομα
471 1219 574 1291 μὲν
635 1222 823 1283 αὐτοῖς
884 1222 1086 1288 βουλή,
1158 1221 1377 1272 δούλων
1439 1216 1500 1272 δὲ
1559 1220 1627 1272 τὰ
1685 1219 1854 1287 πάθη.

173 1311 292 1363 141.
331 1309 458 1379 παρ’
499 1311 632 1379 ἡμῖν
664 1306 723 1363 δὲ
755 1310 815 1363 τὸ
846 1318 958 1362 τῶν
990 1311 1170 1376 λόγων
1207 1309 1404 1377 κράτος
1434 1316 1499 1378 τῇ
1538 1311 1713 1378 βουλῇ
1752 1305 1854 1376 μὲν

167 1408 319 1469 τηρεῖ
367 1400 470 1467 τὴν
519 1397 847 1467 ἐλευθερίαν
898 1397 1159 1466 ἀκριβῶς,
1208 1400 1338 1459 τοὺς
1389 1395 1437 1448 δ’
1493 1396 1855 1465 ἐφεστηκότας

170 1488 257 1541 ἐπὶ
295 1497 406 1541 τῶν
446 1490 625 1556 ἔργων
664 1487 693 1540 ὃ
733 1491 1031 1539 καλοῦνται
1073 1487 1375 1555 φαίνεσθαι
1404 1494 1568 1554 ποιεῖ,
1606 1495 1720 1548 τοῖς
1750 1483 1852 1554 μὲν
1876 1507 1919 1539 15

168 1577 453 1645 σώφροσιν
503 1577 580 1638 εἰς
630 1576 852 1644 εὕρεσιν
890 1582 989 1627 τοῦ
1040 1576 1327 1642 βελτίστου
1380 1576 1851 1643 συμβαλλόμενον,

167 1673 281 1728 τοῖς
320 1662 381 1718 δὲ
410 1663 686 1734 θρασέσιν
717 1664 976 1734 ἀνεῖργον
1007 1664 1108 1732 τὴν
1140 1662 1427 1730 ἀσέλγειαν
1457 1671 1575 1725 ταῖς
1613 1662 1718 1715 ἀπὸ
1758 1671 1853 1731 τῆς

169 1757 368 1822 σοφίας
406 1753 672 1822 ἀνάγκαις
708 1753 800 1806 καὶ
836 1753 1088 1822 καθάπερ
1129 1751 1311 1824 ἐπῳδῇ
1343 1760 1407 1822 τῇ
1447 1751 1704 1822 ῥητορεία
1734 1751 1852 1822 τρέ-

289 1978 310 2015 1
329 1973 469 2016 Arist.
487 1972 600 2016 Aah.
620 1975 718 2015 686.
775 1969 948 2015 Cratin.
974 1969 1136 2017 Πυτίν.
1162 1971 1216 2015 fr.
1245 1975 1342 2024 119,
1363 1976 1385 2014 1
1403 1970 1464 2014 M.
1497 1970 1519 2013 Ι
1540 1985 1585 2027 p.
1607 1975 1675 2025 74,
1696 1973 1782 2014 200
1794 1969 1848 2013 K.

288 2036 314 2076 8
345 2031 452 2075 Eur.
478 2031 576 2075 Alc.
603 2034 690 2075 498
750 2030 849 2087 Iph.
875 2031 925 2075 T.
954 2035 1082 2074 1111.
1143 2030 1280 2074 Rhoe.
1315 2034 1413 2074 439.
1449 2034 1534 2073 370

254 2241 314 2281 ’8
344 2237 656 2291 ζάπλουτος
694 2237 881 2291 κάλλιον
920 2234 949 2292 ἢ
995 2234 1467 2295 μεγαλόπλουτος·
1517 2236 1735 2287 ὡσαύτως
1771 2237 1851 2280 καὶ

173 2296 446 2354 ζάχρυσος
476 2294 504 2352 ἢ
535 2297 889 2355 πολύχρυσος
919 2295 988 2340 B²
1020 2298 1092 2352 (=
1117 2295 1277 2341 ThOm.
1306 2295 1366 2339 Μ.
1392 2295 1497 2352 1.1.)

290 2509 311 2546 1
344 2519 443 2547 παυ
475 2503 526 2547 in
556 2502 797 2547 ἄπαυστον
828 2502 877 2546 in
900 2516 976 2546 ras
999 2501 1065 2547 1²²
1184 2507 1212 2546 4
1241 2509 1607 2570 τουπαραχρῆμα
1630 2502 1677 2546 Β
1704 2503 1711 2560 Ι
1737 2502 1849 2547 ἀνύ-

167 2575 328 2606 τουσιν
351 2564 395 2606 Α
427 2563 509 2606 sed
540 2579 567 2606 ν
599 2575 624 2606 e
657 2578 682 2617 ρ
714 2575 827 2615 corr,
867 2563 901 2606 1
927 2561 1009 2605 sed
1039 2579 1097 2606 vv
1127 2561 1177 2605 in
1207 2574 1370 2605 rasura
1400 2561 1542 2605 trium
1573 2563 1848 2618 quattuorve

168 2621 248 2665 litt
270 2620 340 2664 m‘
399 2621 487 2665 ἀνο
491 2621 732 2678 ρύττουσιν
766 2622 810 2667 U
862 2620 1112 2696 ἀρύτουσιν
1139 2621 1284 2666 ΟΡΟα
1299 2620 1402 2665 Μοι·
1461 2620 1738 2676 ἀρύττουσιν
1763 2619 1849 2664 Mo

167 2680 268 2737 (sed
299 2697 327 2725 v
365 2693 505 2736 supra
535 2696 561 2735 ρ
591 2679 678 2738 m')
704 2680 817 2725 ΒΜ
953 2683 980 2723 8
1012 2675 1067 2724 οὗ
1098 2706 1156 2712 -
1187 2683 1213 2723 9
1247 2675 1277 2739 ᾖ
1314 2679 1431 2723 citat
1460 2678 1622 2724 Thom.
1652 2678 1713 2722 M.
1746 2693 1780 2723 ε.
1804 2692 1846 2722 τ.

168 2739 420 2792 ζάπλουτος
448 2739 722 2796 p.168‚5R
752 2738 978 2797 Λιβάνιος
1015 2738 1065 2783 ἐν
1101 2742 1166 2799 τῷ
1186 2735 1446 2806 Ἀντιοχικῷ
1723 2734 1853 2782 ’UI

168 2798 236 2843 Re
278 2799 284 2856 Ι
324 2796 572 2866 πρόχειρον
615 2798 779 2855 scripsi
821 2799 1008 2842 auctore
1038 2797 1108 2842 Re
1128 2785 1270 2841 ‘Anim
1351 2783 1577 2853 πρότερον
1581 2743 1727 2841 9libri
1769 2809 1847 2840 ex-

169 2858 303 2914 cepto
346 2857 391 2940 ῖζ
424 2856 505 2912 qui
546 2857 692 2901 habet
730 2855 822 2913 πρό
865 2870 971 2900 cum
1010 2869 1173 2901 rasura
1212 2861 1238 2900 5
1268 2855 1531 2900 litterarum
1666 2860 1721 2899 12
1764 2854 1847 2912 μὲν

167 2916 294 2960 inser
323 2917 356 2959 Ι

1490 2989 1580 3033 31*
