2090 3162
247 114 354 166 500
772 96 1025 157 'LIBANH
1056 114 1277 158 ORATIO
1312 116 1373 158 XI

247 246 307 301 δὲ
347 250 489 317 ὥρας
528 257 736 315 περιῆν.
804 250 922 301 186.
962 247 1146 302 ἔπειτα
1184 249 1326 303 νέων
1365 250 1519 319 ἑσμοὶ
1559 254 1622 304 τὰ
1660 257 1924 317 μελιττῶν

245 347 502 399 νικῶντες
537 341 837 405 συνῆλθον.
901 340 1085 390 ἔπειτα
1117 338 1300 401 οὐδεὶς
1333 341 1727 408 αἰσχυνόμενος
1759 340 1924 408 ἀπῆλ-

244 431 366 492 θεν,
408 424 523 477 ἀλλ’
564 425 1031 494 ἐμπορευσάμενοι
1063 428 1206 494 μάλα
1243 429 1438 490 ἱκανῶς
1472 429 1524 480 οἱ
1556 429 1656 497 μὲν
1689 431 1924 496 ἔμειναν,

246 516 297 565 οἱ
338 515 397 566 δὲ
437 514 709 582 ἀπῆλθον,
761 517 819 567 οἱ
853 515 952 581 μὲν
993 514 1046 578 ἐξ
1096 515 1278 568 αὐτῶν
1325 513 1403 569 ὧν
1450 515 1742 585 ἐκτήσαντο
1789 519 1926 585 πρὸς

200 624 218 654 5
243 604 342 670 τὴν
376 604 586 654 δοῦσαν
627 603 908 671 ἐρωτικαῖς
947 604 1209 671 ἀνάγκαις
1250 604 1520 673 δεθέντες,
1562 607 1615 657 οἱ
1655 603 1715 658 δὲ
1756 620 1926 674 σωτη-

245 694 372 758 ρίαν
396 691 659 759 φέροντες
689 701 807 754 ταῖς
840 691 1051 744 ἑαυτῶν
1082 697 1305 762 πατρίσι
1337 695 1432 756 τὰς
1457 694 1639 746 αὑτῶν
1665 696 1924 757 διανοίας.

244 777 426 832 ἔπειτα
464 780 496 847 ἡ
538 790 647 832 τῶν
688 779 1073 848 ἐπανηκόντων
1114 784 1420 851 λαμπρότης
1471 782 1557 834 ἐπὶ
1604 784 1704 850 τὴν
1754 783 1926 851 αὐτὴν

153 881 195 923 R
218 885 300 923 334
332 870 552 936 τελετὴν
609 867 827 938 ἑτέρους
882 868 1178 939 ἐξώρμησε,
1206 895 1208 897 ’
1233 871 1323 922 καὶ
1376 870 1796 940 προπέμπουσιν
1831 870 1836 941 Ι
1873 873 1926 924 οἱ

242 957 342 1024 μὲν
389 958 612 1025 παῖδας,
669 958 722 1009 οἱ
769 954 829 1009 δὲ
877 957 1175 1026 ἀδελφούς,
1229 960 1286 1011 οἱ
1330 956 1390 1011 δὲ
1437 962 1710 1027 γείτονας,
1766 961 1818 1012 οἱ
1866 957 1925 1012 δὲ

178 1067 219 1098 10
245 1047 570 1114 γνωρίμους,
610 1047 808 1108 πάντες
848 1046 908 1098 δὲ
949 1046 1131 1109 ἁπλῶς
1168 1051 1405 1110 πολίτας.
1486 1049 1604 1100 187.
1645 1047 1736 1100 καὶ
1775 1051 1927 1115 γεγό-

243 1153 372 1186 νατε
410 1143 504 1202 τῆς
537 1133 719 1196 Ἀσίας
765 1137 1096 1204 μητρόπολις
1144 1135 1210 1188 οὐ
1249 1144 1312 1206 τῇ
1352 1144 1447 1203 τῆς
1493 1134 1642 1199 ἀξίας
1687 1137 1927 1207 ὑπεροχῇ

243 1226 453 1289 μᾶλλον
492 1223 524 1291 ἢ
571 1229 647 1294 τῷ
692 1231 862 1276 πᾶσιν
901 1223 929 1275 ὃ
970 1225 1195 1276 πάντων
1234 1224 1658 1292 ὠφελιμώτατον
1697 1224 1928 1278 ἐνθένδε

244 1310 519 1379 γενέσθαι.
599 1311 723 1364 ὅποι
773 1313 876 1381 γὰρ
929 1311 998 1364 ἂν
1050 1311 1234 1365 ἐλθὼν
1284 1315 1494 1381 βουλὴν
1533 1314 1696 1383 εὕρῃς
1748 1316 1929 1382 λόγοις

247 1400 596 1468 ὡπλισμένην
627 1401 716 1453 καὶ
750 1401 983 1470 ῥήτορας
1018 1401 1276 1470 ἀσφαλῶς
1308 1401 1692 1472 ἀγορεύοντας,
1731 1402 1762 1470 ἢ
1795 1404 1930 1456 πάν-

181 1509 222 1540 15
247 1507 341 1550 τας
371 1498 482 1540 τῶν
514 1487 745 1541 ἐνθένδε
783 1491 1058 1555 μουσείων
1098 1489 1339 1557 ἀθλητὰς
1378 1491 1410 1558 ἢ
1449 1492 1578 1553 τούς
1617 1511 1678 1558 γε
1708 1494 1929 1554 πλείους

244 1575 277 1643 ἢ
311 1577 527 1638 πάντως
559 1596 621 1644 γε
654 1577 754 1628 οὐκ
787 1575 1042 1639 ἐλάττους
1073 1578 1337 1647 εὑρήσεις.
1396 1579 1515 1631 188.
1548 1580 1600 1631 οἱ
1634 1576 1694 1632 δὲ
1717 1588 1780 1649 τῇ
1804 1581 1927 1649 περὶ

244 1666 306 1717 τὸ
348 1668 493 1733 βῆμα
529 1664 689 1734 τέχνῃ
730 1664 819 1717 καὶ
860 1674 923 1735 τῇ
963 1667 1098 1735 πρὸς
1137 1667 1231 1728 τὰς
1270 1668 1426 1729 δίκας
1469 1666 1756 1737 ἐπικουρίᾳ
1793 1669 1928 1737 πρὸς

246 1755 347 1822 τὴν
396 1762 495 1806 τοῦ
549 1754 786 1817 δικάζειν
831 1752 985 1816 τάξιν
1036 1754 1402 1823 ἀφικνοῦνται
1447 1754 1538 1807 καὶ
1582 1759 1930 1825 παρεχόμεθα

246 1851 361 1904 τοῖς
400 1844 590 1894 ἔθνεσι
631 1842 863 1911 ῥήτοράς
901 1862 957 1895 τε
988 1843 1114 1910 <mxl
1154 1844 1446 1912 δικαστὰς)
1487 1844 1706 1913 ἄκρους,
1747 1847 1800 1898 οἳ
1837 1847 1931 1908 τὰς

180 1951 222 1982 20
245 1933 433 1992 πόλεις
482 1939 601 1993 ταῖς
647 1931 888 1999 γνώμαις
936 1930 1239 2000 ὀρθοῦντες
1285 1932 1347 1984 ἓν
1384 1934 1559 1998 μόνον
1598 1942 1830 1985 κτῶνται
1869 1935 1929 1986 τὸ

243 2020 456 2071 τούτων
509 2024 675 2071 αἴτιοι
729 2021 1024 2086 γίγνεσθαι
1078 2020 1167 2072 καὶ
1223 2019 1412 2072 ἀπίασι
1468 2021 1535 2088 δὴ
1588 2030 1770 2083 κεναῖς
1824 2019 1925 2087 μὲν

246 2110 423 2177 χερσί,
477 2115 542 2176 τῇ
598 2105 725 2177 δόξῃ
783 2104 844 2159 δὲ
899 2106 1354 2177 ἐστεφανωμένοι.
1440 2107 1472 2160 ἃ
1520 2109 1587 2176 δὴ
1634 2107 1724 2161 καὶ
1778 2110 1931 2175 ὑμεῖς

367 2255 422 2293 14
455 2250 537 2294 Od.
570 2255 608 2295 θ
635 2257 716 2295 171

366 2387 391 2424 3
424 2380 522 2426 ἀλλ’
559 2384 724 2440 scripsi
756 2398 780 2428 e
815 2386 899 2429 Mo
974 2383 1088 2428 ἀλλὰ
1119 2385 1288 2441 reliqui
1319 2385 1428 2429 libri
1460 2386 1552 2428 edd
1586 2388 1592 2440 Ι
1629 2385 1771 2430 ἱκανὰ
1801 2386 1870 2430 Re

250 2446 275 2484 5
309 2448 452 2485 οῦσαν
492 2456 597 2486 oum
635 2443 804 2487 lacuna
842 2443 979 2486 unius
1019 2443 1206 2488 litterae
1245 2446 1353 2487 ante
1394 2460 1417 2487 ο
1458 2445 1502 2488 U
1633 2450 1658 2488 6
1691 2445 1844 2489 αὑτῶν
1875 2458 1930 2488 ex

250 2500 403 2544 αὐτῶν
436 2514 537 2544 corr
561 2502 624 2546 Ρ4
697 2503 850 2548 αὐτῶν
874 2502 1087 2547 MMoCa
1208 2507 1263 2547 10
1293 2501 1510 2560 γεγόνασι
1543 2504 1608 2547 Ga
1742 2509 1795 2547 11
1821 2521 1851 2546 α
1883 2505 1931 2548 et

251 2557 326 2609 ίας
354 2558 405 2602 in
436 2558 571 2612 ἀξίας
600 2561 650 2604 in
672 2574 747 2605 ras
771 2562 806 2604 Ι
812 2560 828 2585 ²
905 2559 1117 2613 ἐξουσίας
1155 2562 1200 2606 U
1224 2562 1244 2634 L
1269 2568 1299 2619 ᾗ
1330 2561 1378 2604 in
1410 2561 1610 2620 ὑπεροχῇ
1643 2562 1692 2605 in
1723 2576 1798 2606 ras
1824 2561 1930 2607 Mo'

310 2622 363 2660 12
397 2618 748 2675 ὠφελιμώτατόν
780 2620 903 2664 ἐστιν
934 2620 1003 2664 Re
1133 2625 1186 2664 13
1221 2630 1309 2677 οπη
1352 2621 1397 2666 U
1422 2620 1428 2678 1
1464 2619 1600 2679 εὕρῃς
1630 2621 1795 2678 scripsi
1827 2635 1932 2665 cum

251 2675 407 2720 Gasda
438 2675 590 2733 εὕροις
619 2678 729 2722 libri
759 2679 861 2723 Mor
936 2676 995 2734 ἂν
1028 2678 1180 2734 εὕροις
1209 2679 1278 2722 Re
1419 2683 1471 2722 19
1506 2679 1691 2723 ἔθνεσιν
1716 2680 1800 2724 Mo
1839 2679 1846 2738 Ι
1883 2695 1931 2723 τε

250 2748 434 2778 erasum
463 2737 499 2779 I
519 2737 525 2792 Ι
552 2738 632 2780 καὶ
663 2740 885 2789 δικαστὰς
914 2737 1088 2781 inserui
1120 2739 1306 2781 aucbore
1337 2738 1406 2781 Re
1429 2738 1570 2781 Anim
1691 2743 1746 2782 20
1778 2746 1853 2788 αῖς
1883 2739 1930 2782 et

249 2811 325 2845 αις
356 2794 409 2849 ὀρ
441 2794 490 2837 in
519 2802 622 2845 ταῖς
651 2797 856 2852 γνώμαις
886 2795 1141 2851 ὀρθοῦντες
1170 2796 1220 2839 in
1249 2809 1324 2840 ras
1349 2795 1414 2840 Ρ2
1541 2801 1593 2839 21
1628 2795 1874 2855 ’γίγνεσθαι
1906 2809 1931 2839 e

249 2850 466 2907 γίνεσθαι
497 2867 598 2907 qorr
629 2855 694 2897 Ρ2
768 2853 986 2912 γίνεσθαι
1008 2857 1054 2899 A
1078 2855 1180 2899 Mor
1254 2853 1475 2911 γενέσθαι
1502 2856 1585 2900 Mo
1608 2856 1677 2899 Re
1717 2857 1725 2914 Ι
1767 2852 1931 2899 ἀπίασι

251 2923 306 2954 ex
336 2912 502 2955 ἀπιᾶσι
533 2925 634 2956 corr
668 2914 724 2958 0⁸
809 2914 973 2956 ἀπιᾶσι
997 2914 1042 2957 Α
1065 2914 1133 2957 Re
