2090 3162
716 105 941 149 LIBANII
973 105 1194 151 ORATIO
1226 108 1287 150 XI
1727 108 1830 158 447

168 245 230 297 τὸ
286 240 345 295 δὲ
397 241 565 311 θέρος
610 240 737 310 παρ’
789 240 1001 295 ἐκείνου
1057 241 1314 310 δέχεσθαι
1368 250 1651 309 τοσοῦτον,
1705 243 1838 295 ὅσον

168 330 394 400 ἔμελλεν
424 325 564 383 εἶναι
594 331 818 398 κώλυμα
847 337 922 402 τῷ
954 334 1222 383 λυποῦντι
1254 339 1347 399 τῆς
1377 330 1596 400 θέρμης.
1637 331 1720 382 31.
1745 329 1835 383 καὶ

170 420 198 473 ὁ
237 419 337 486 μὲν
370 420 377 487 Ι
412 419 654 486 ὄμβρους
703 420 828 487 ἄχρι
876 421 1044 488 κόρου
1093 419 1314 489 παρέχει
1359 426 1424 490 τῇ
1470 426 1539 490 γῇ
1577 427 1749 487 ψῦχος
1779 433 1925 475 R284

169 508 405 575 ἀφελών,
444 508 477 575 ἡ
517 507 578 559 δὲ
616 506 800 575 ἀνίησι
839 510 965 576 λήια
1002 507 1092 560 καὶ
1137 514 1388 577 θεριναῖς
1427 509 1622 577 αὔραις
1661 507 1837 575 ἐκτρέ-

169 615 262 664 φει
300 594 593 664 ρυομέναις
627 596 692 647 τά
730 615 787 647 τε
827 597 1046 662 σώματα
1085 595 1175 649 καὶ
1214 599 1342 658 τοὺς
1381 596 1617 664 ἀστάχυς
1654 603 1748 663 τῆς
1779 594 1837 648 ἐκ

167 692 268 737 τοῦ
313 684 587 750 καύματος
634 686 832 752 ζημίας.
910 685 1046 737 ὥστε
1091 686 1279 753 μόνοις
1327 686 1456 752 ἡμῖν
1501 684 1729 753 ὑπάρχει
1774 692 1838 753 τῇ

167 773 417 841 παρούσῃ
456 791 514 824 τε
554 770 636 824 ἀεὶ
675 781 786 825 τῶν
825 773 983 840 ὡρῶν
1031 773 1264 840 ἥδεσθαι
1310 772 1399 825 καὶ
1437 774 1537 841 τὴν
1576 771 1839 839 δευτέραν

169 859 413 929 ἀσμένως
444 859 702 928 δέχεσθαι
736 861 827 913 διὰ
857 862 917 914 τὸ
949 862 1145 923 πάσαις
1176 859 1383 914 ἐνεῖναί
1416 881 1467 913 τι
1506 860 1839 929 κεκραμένον

168 949 256 1001 καὶ
311 949 513 1016 εὔχαρι.
591 949 677 1001 32.
730 958 839 1002 τῶν
892 948 941 1001 δ’
994 950 1175 1002 ἄλλων
1229 950 1281 1001 οὶ
1334 954 1579 1002 πλεῖστοι
1633 950 1684 1001 οἱ
1738 946 1838 1016 μὲν

168 1038 367 1090 ἅπαντι
403 1043 478 1108 τῷ
510 1037 690 1108 κύκλῳ
729 1035 1194 1105 καταμέμφονται,
1234 1037 1287 1089 οὶ
1326 1037 1387 1089 δὲ
1425 1045 1540 1099 ταῖς
1578 1037 1678 1105 μὲν
1715 1039 1837 1103 βελ-

168 1129 327 1193 τιόσι,
358 1133 476 1187 ταῖς
508 1122 568 1178 δὲ
601 1125 667 1177 οὐ
699 1126 975 1187 τοιαύταις
1006 1126 1271 1194 χρώμενοι
1299 1125 1499 1177 ταύτὸν
1529 1126 1837 1177 πεπόνθασι

168 1223 282 1276 τοῖς
320 1212 374 1277 ἐξ
414 1214 633 1281 εἰρήνης
670 1214 748 1276 εἰς
783 1214 1023 1279 πόλεμον
1059 1215 1505 1280 μεταπίπτουσιν,
1544 1211 1766 1266 ἐπειδὰν
1802 1212 1836 1280 ἡ

170 1300 271 1369 μὲν
308 1302 547 1370 ἀμείνων
586 1302 651 1354 τὰ
690 1302 855 1369 αὑτῆς
894 1300 1202 1369 ἐκπλήσασα
1241 1306 1474 1369 οἴχηται,
1520 1302 1835 1370 προσβάλλῃ

170 1391 230 1444 δὲ
268 1390 300 1458 ἡ
341 1389 702 1459 χαλεπωτέρα,
742 1391 831 1442 καὶ
861 1390 993 1458 πρὶν
1023 1390 1263 1457 ἡσθῆναι
1298 1394 1569 1456 καθαρῶς,
1609 1389 1838 1456 ἀλγοῦσι

169 1481 270 1548 τὴν
320 1476 421 1544 μὲν
474 1477 747 1530 ἀπιοῦσαν
801 1478 868 1530 οὐ
923 1478 1220 1543 δυνάμενοι
1274 1485 1576 1545 κατασχεῖν,
1630 1478 1729 1544 τὴν
1782 1475 1830 1528 δ’

170 1567 435 1621 ἐπιοῦσαν
473 1568 803 1634 φρίττοντες.
872 1561 950 1618 ὧν
988 1566 1020 1633 ἡ
1059 1565 1159 1631 μὲν
1200 1566 1386 1634 ἱδρῶτι
1425 1564 1644 1632 ῥεῖσθαι
1682 1584 1839 1616 κατα-

171 1655 423 1723 ναγκάζει
460 1655 551 1707 καὶ
589 1654 970 1707 καλινδεῖσθαι
1008 1651 1133 1722 περὶ
1169 1654 1264 1715 τὰς
1300 1654 1519 1721 κρήνας,
1558 1653 1591 1721 ἡ
1630 1649 1689 1704 δὲ
1727 1660 1839 1715 τοῖς

170 1744 438 1811 κάμνουσι
474 1744 861 1811 παραπλησίως
906 1740 967 1794 έν
1004 1749 1121 1803 ταῖς
1166 1741 1350 1803 εὐναῖς
1387 1740 1599 1808 διάγειν
1635 1746 1839 1811 νιφετῷ

168 1829 616 1901 καθειργμένους.
691 1830 777 1882 33.
821 1831 1011 1896 μόνοις
1057 1826 1118 1882 δὲ
1163 1830 1295 1898 ἡμῖν
1330 1829 1392 1881 τό
1429 1848 1486 1882 τε
1523 1829 1701 1897 παρὸν
1738 1835 1837 1881 τοῦ

171 1918 328 1982 ἔτους
357 1919 627 1988 ἡδύτερον
657 1918 747 1971 καὶ
775 1918 837 1970 τὸ
869 1918 1332 1986 προσδοκώμενον
1363 1916 1465 1970 οὐκ
1496 1915 1837 1985 ἀηδέστερον,

174 2006 289 2060 ἀλλ’
326 2008 359 2075 ἡ
396 2006 497 2074 μὲν
537 2006 856 2077 εὐφράνασα
892 2005 1231 2075 παρέρχεται,
1270 2006 1303 2073 ἡ
1334 2004 1396 2057 δὲ
1433 2005 1494 2057 τὸ
1535 2009 1659 2057 ἴσον
1688 2006 1838 2072 κομί-

256 2245 258 2248 ’
290 2260 315 2298 3
346 2227 513 2312 ψύὶέὲξ
535 2255 581 2300 A
651 2225 836 2312 ψύχῧῧσ
857 2254 904 2298 P
1018 2257 1045 2295 4
1077 2251 1219 2308 ὥραις
1250 2253 1333 2296 Mo
1456 2256 1479 2294 -ι
1510 2251 1577 2308 τε]
1609 2250 1661 2294 τὸ
1695 2251 1779 2295 Mo

176 2319 199 2358 7
231 2315 312 2358 καὶ
342 2341 396 2346 -
429 2317 455 2357 8
487 2312 709 2371 δέχεσθαι
740 2326 815 2356 om
845 2312 946 2356 Mor
1063 2315 1089 2355 8
1120 2308 1430 2367 κεκραμμένον
1451 2311 1485 2353 I
1492 2311 1536 2355 U
1559 2309 1641 2353 sed
1671 2309 1720 2352 in
1750 2308 1837 2352 hoc

171 2373 301 2431 prius
331 2390 363 2429 μ
403 2386 586 2417 erasum
736 2376 789 2416 10
821 2370 866 2415 οἱ
907 2370 958 2414 δὲ
989 2395 1046 2402 —-
1080 2374 1133 2413 19
1172 2367 1535 2426 καθειργμένους
1577 2368 1694 2412 citat
1721 2366 1836 2411 Plan

172 2432 251 2477 fol.
279 2436 361 2476 103
490 2436 543 2475 11
576 2428 622 2475 δ’
650 2431 719 2475 Re
847 2434 901 2473 13
933 2429 1076 2484 αὐτῆς
1105 2429 1235 2473 ΡΜο
1265 2427 1380 2471 Plan
1410 2429 1458 2471 et
1487 2427 1534 2470 in
1567 2426 1707 2482 αὑτῆς
1737 2439 1837 2470 con:

171 2490 239 2536 A*
287 2491 294 2549 Ι
344 2489 608 2547 ἐμπλήσασα
640 2502 780 2546 supra
810 2487 1070 2543 ἐκπλήσασα
1102 2489 1164 2532 M
1172 2486 1190 2512 ¹
1226 2490 1232 2543 Ι
1272 2485 1507 2544 προσβάλῃ
1540 2487 1600 2531 M
1609 2486 1653 2531 U
1676 2484 1759 2529 sod
1787 2485 1836 2528 in

171 2551 259 2594 hoc
283 2549 481 2594 alterum
502 2551 527 2592 λ
552 2562 732 2593 erasum
853 2551 904 2591 17
930 2547 1010 2591 καὶ
1033 2572 1088 2579 -
1112 2545 1285 2602 κρήνας
1307 2558 1380 2589 om
1405 2546 1488 2590 Mo
1610 2548 1663 2588 18
1685 2559 1836 2599 παρα-

171 2608 365 2664 πλήσιον
399 2609 483 2653 Μο
504 2606 622 2652 Plan
772 2611 824 2650 19
855 2603 1233 2662 κατειργομένους
1263 2604 1347 2648 Mo
1388 2603 1468 2647 sed
1501 2620 1527 2659 ρ
1558 2602 1681 2647 inser
1709 2601 1779 2645 m'

174 2671 230 2712 20
259 2666 349 2723 ἡδὺ
373 2665 519 2711 001)Θὺ
538 2666 706 2711 Mnem.
724 2665 767 2709 V
784 2669 866 2709 106
893 2663 1023 2720 (Con.
1043 2666 1145 2721 102)
1169 2665 1219 2707 at
1249 2662 1305 2706 cf.
1331 2667 1356 2717 ς
1375 2666 1429 2706 69
1459 2676 1505 2718 p.
1530 2666 1631 2716 459,
1649 2665 1672 2704 7
1697 2657 1836 2716 ἡνίκα

173 2727 229 2772 οὐ
253 2724 429 2784 βέλτιον
453 2726 502 2770 et
522 2724 640 2769 Plat.
666 2724 803 2782 Gorg.
826 2739 870 2780 p.
898 2727 982 2766 503
998 2722 1039 2766 A
1062 2721 1151 2767 εἴτε
1174 2719 1292 2778 ἡδίω
1316 2719 1405 2766 εἴτε
1436 2718 1687 2776 ἀηδέστερα
1709 2718 1836 2763 ἔσται

171 2793 269 2838 τοῖς
298 2784 550 2829 ἀκούουσιν
579 2784 686 2829 Her.
716 2783 760 2828 Π
789 2787 861 2838 46,
886 2787 907 2825 1
942 2781 996 2826 οὔ
1028 2797 1105 2837 μοι
1142 2778 1276 2837 ἥδιόν
1307 2778 1400 2824 ἐστι
1429 2777 1576 2836 λέγειν
1606 2782 1676 2831 47,
1694 2782 1719 2821 2
1750 2777 1835 2822 οὐκ

173 2840 529 2946 εὐπρεσῇέέτερός
573 2842 668 2888 ἐστι
711 2840 927 2899 λέγεσθαι
1082 2844 1135 2884 21
1177 2834 1467 2894 εὐφραίνασα
1500 2837 1584 2882 Mo
1665 2834 1836 2894 εὐφρῄ-

173 2917 294 2947 vaca

1883 617 1906 649 5

1861 1057 1905 1089 10

1862 1497 1904 1528 15
