2090 3162
245 138 356 190 422
802 138 1025 180 LIBANII
1058 138 1280 181 ORATIO
1314 138 1374 180 XI

242 278 360 326 tudo
402 272 493 345 (22
533 271 680 343 cent.)
721 278 955 326 foliorum
993 280 1305 325 exaratorum
1343 278 1488 339 plane
1530 279 1765 340 concinit3
1806 281 1925 340 quin

245 353 393 400 etiam
435 352 606 399 eadem
636 367 811 399 manus
845 351 1056 399 secunda
1096 352 1148 398 in
1186 353 1407 416 margine
1439 353 1671 414 supplens
1703 353 1754 399 in
1794 354 1927 400 utro-

242 444 335 488 que
374 426 538 473 codice
579 426 808 486 cernitur,
847 425 930 473 vix
976 428 1032 472 ut
1071 425 1289 472 dubitari
1338 428 1488 487 queat
1527 428 1646 487 quin
1688 427 1830 474 ambo
1871 443 1929 474 ex

240 500 408 548 eadem
447 499 635 547 fabrica
673 499 946 562 prodierint
985 502 1133 560 atque
1173 499 1302 547 inter
1340 515 1391 547 se
1432 500 1747 548 cohaereant.

352 572 578 621 Godicem
618 575 756 621 annis
802 574 942 620 187O
983 576 1031 620 et
1074 574 1212 621 1895
1255 573 1547 621 examinavi.

154 658 206 697 70
351 648 433 694 28.
482 647 812 695 Vaticanus
861 663 936 711 gr.
983 647 1120 694 1152
1163 648 1448 694 chartaceus
1495 648 1681 695 formae
1721 651 1926 709 quartae

241 737 422 782 parvae
454 721 795 768 miscellaneus
834 719 1047 783 plurima
1080 737 1104 767 e
1135 723 1276 783 parte
1317 721 1501 769 saeculi
1533 721 1676 768 XVII
1708 721 1926 770 continet

241 798 354 856 post
399 792 695 843 ἀναστασίου
742 793 1038 858 πατριάρχου
1086 793 1315 859 διήγησιν
1354 792 1463 859 περὶ
1509 801 1595 858 τῆς
1645 792 1698 843 ἐν
1736 795 1928 860 περσίὸι

241 866 507 933 γενομένης
547 867 761 916 συνόδου
803 862 910 934 (fol.
948 870 1121 916 1-—31
1166 884 1289 916 saec.
1323 862 1436 934 XV)
1477 871 1526 916 et
1563 867 1803 934 πρακτικὰ
1841 875 1926 932 τῆς

244 940 385 1007 ἁγίας
425 942 641 991 συνόδου
681 955 903 1007 συγκροτ.
944 940 996 990 ἐν
1035 942 1535 991 κωνσταντινουπόλει
1568 936 1674 1008 (fol.
1709 945 1924 991 33-49

245 1032 367 1064 saec.
393 1010 576 1148 XVII}
607 1014 716 1081 περὶ
747 1014 977 1082 αἱρέσεων
1011 1010 1292 1082 (51-89),
1325 1015 1471 1081 λόγον
1501 1015 1767 1066 συνοδικὸν
1797 1014 1925 1065 ἀνώ-

234 1108 399 1153 νυμον
442 1083 577 1156 (94¹,
617 1089 869 1138 ἰουλιανοῦ
907 1088 1029 1154 πρὸς
1067 1088 1151 1138 τὸν
1183 1089 1516 1138 Σαλλούστιον
1554 1089 1624 1148 εἰς
1661 1089 1802 1153 ἥλιον
1840 1090 1925 1140 τὸν

235 1161 437 1227 βασιλέα
479 1157 843 1230 (108—124),
891 1170 976 1212 τοῦ
1018 1162 1171 1212 αὐτοῦ
1210 1163 1538 1229 μισοπώγωνα
1575 1161 1608 1228 ἢ
1648 1161 1923 1229 ἀντιοχικὸν

236 1231 576 1303 (125—146)
620 1231 768 1304 (saec.
801 1231 967 1304 XVII)
1007 1253 1160 1285 manu
1199 1239 1300 1286 alia
1338 1254 1491 1299 eaque
1525 1238 1786 1286 deterrima
1820 1254 1923 1286 sae-

236 1312 334 1359 culi
365 1311 509 1359 XVII

342 1386 425 1433 fol.
470 1387 570 1434 147
624 1385 849 1450 λιβανίου
899 1392 1138 1448 σοφιστοῦ
1190 1385 1410 1448 μονωὸία
1459 1383 1538 1434 ἐπὶ
1587 1384 1819 1453 ἰουλιανῷ
1865 1391 1929 1453 τῷ

239 1459 495 1527 παραβάτῃ
1007 1520 1012 1524 Δ

349 1534 448 1581 151
503 1531 759 1595 ἐπιτάφιος
810 1530 888 1581 ἐπὶ
939 1532 1170 1600 ἰουλιανῷ
1216 1537 1280 1600 τῷ
1315 1532 1542 1601 θεομάχῳ
1591 1548 1704 1581 ο11111
1742 1535 1921 1597 glossis

233 1607 594 1670 marginalibus

346 1674 509 1746 1681)
551 1678 903 1744 ἀντιοχικός.
980 1680 1092 1728 Des.
1134 1681 1219 1728 fol.
1266 1682 1384 1729 179.

343 1753 574 1802 Codicem
612 1770 740 1802 anno
785 1755 924 1802 1868
966 1755 1172 1816 inspexi.

147 1838 198 1876 71
346 1830 428 1876 29.
476 1828 849 1877 Monacensis
898 1845 974 1892 gr.
1018 1830 1121 1876 495
1163 1829 1448 1877 chartaceus
1488 1829 1673 1876 formae
1714 1831 1916 1876 octavae

232 1903 432 1951 maioris
471 1902 812 1951 miscellaneus
853 1903 1074 1951 continet
1110 1919 1262 1950 manu
1301 1903 1485 1950 saeculi
1515 1902 1607 1949 XV
1639 1901 1793 1950 nitide
1834 1902 1918 1950 sed

231 1975 600 2024 mendosissime
641 1978 841 2024 exarata
880 1976 1014 2024 foliis
1059 1977 1221 2024 1—8:

342 2050 426 2098 fol.
464 2052 489 2097 1
534 2050 784 2113 Λιβανίου
824 2049 1044 2113 μονωδία
1082 2047 1161 2098 ἐπὶ
1200 2056 1264 2098 τῶ
1304 2048 1537 2098 ἰουλιανῶ

345 2125 374 2171 6
415 2123 640 2187 λιβανίου
679 2130 916 2186 σοφιστοῦ
955 2121 1248 2188 ἐγκώμιον
1297 2122 1380 2181 εἰς
1425 2120 1784 2187 ἀντιόχειαν,
1833 2123 1918 2171 sed

230 2197 331 2244 iam
369 2197 550 2246 desinit
586 2198 669 2246 fol.
713 2199 771 2246 gv
808 2197 970 2246 verbis
1015 2195 1106 2261 τὴν
1146 2194 1378 2262 δευτέραν
1424 2193 1646 2260 ἀσμένως
1694 2194 1920 2260 δέχεσθαι

261 2272 382 2332 447,
410 2273 437 2319 7
471 2309 481 2319 .

235 2264 256 2337 (
341 2265 466 2393 Mea)
514 2360 662 2393 causa
726 2346 942 2407 inspexit
1005 2344 1302 2406 initiumque
1359 2343 1640 2392 Antiochici
1708 2344 1919 2397 contulit

235 2418 521 2467 Franciscus
559 2417 686 2467 Boll.

148 2502 200 2541 72
347 2493 429 2540 30.
481 2492 815 2541 Vaticanus
867 2509 944 2556 gr.
987 2493 1091 2539 914
1144 2491 1427 2539 chartaceus
1478 2491 1664 2539 formae
1715 2492 1917 2540 octavae

234 2564 434 2614 maioris
473 2566 657 2614 saeculi
688 2566 780 2613 XV
812 2566 1032 2614 continet
1069 2567 1182 2627 post
1213 2565 1408 2613 diversa
1443 2565 1701 2626 opuscula:
1742 2558 1848 2631 (fol.
1886 2566 1913 2612 1

234 2638 334 2687 Inc.
375 2637 529 2697 οὕτως
567 2639 750 2704 γίνεται
788 2635 820 2702 ἡ
859 2638 1251 2704 χρυσογραμμία;
1306 2637 1389 2685 fol.
1433 2638 1461 2684 2
1503 2637 1736 2686 σκευασία
1775 2640 1916 2700 μελα-

234 2711 346 2761 νίου
393 2711 605 2776 μαύρου·
661 2719 748 2762 τοῦ
794 2718 1094 2761 καταστατοῦ
1141 2711 1367 2777 βαρζίου;
1422 2711 1506 2758 fol.
1549 2713 1580 2758 4
1630 2710 1916 2773 φωκυλίδου

235 2785 431 2849 ποίησις
470 2782 736 2849 ὠφέλιμος;
786 2783 1094 2851 Πυθαγόρου
1133 2783 1224 2848 ἔπη
1265 2791 1441 2850 χρυσᾶς
1498 2785 1528 2832 8
1570 2784 1816 2850 Γεωργίου
1856 2777 1916 2832 οὗ

353 2942 394 2995 1)
427 2939 560 2985 Folia
593 2945 676 2985 166
708 2941 756 2985 et
790 2944 871 2984 167
903 2952 1050 2984 vacua
1081 2941 1202 2984 sunt.
