2090 3162
246 111 353 163 386
777 111 1005 155 LIBANII
1037 112 1258 157 ORATIO
1291 114 1397 157 VIII

246 256 358 300 τῶν
405 250 581 300 ὄντων
624 248 655 315 ἣ
694 248 917 300 πάντων
964 267 1023 315 γε
1071 247 1263 317 ἐφεξῆς
1302 248 1334 316 ἢ
1375 249 1575 318 μέρους
1623 251 1743 314 ἑνός
1783 273 1932 316 τινος

247 334 501 404 ἔρχονταί
523 355 578 387 τε
606 339 1090 405 συνησθησόμενοι
1109 336 1200 389 καὶ
1225 339 1704 408 συνεορτάσοντες,
1724 341 1930 394 ὁπόσον

154 437 191 479 R
219 441 300 479 251
334 422 395 477 ἔν
433 444 488 476 τε
523 422 529 494 Ι
565 427 752 492 φίλοις
801 426 891 477 καὶ
940 424 1100 493 γένει.
1179 426 1225 477 3.
1269 426 1678 496 ἀφαιρουμένης
1731 430 1791 482 δὲ
1837 439 1930 499 τῆς

255 514 429 582 Τύχης
467 511 557 565 καὶ
589 514 686 565 τὸν
727 513 893 582 αὑτῆς
935 514 1088 566 ἱστὸν
1120 514 1468 583 ἀναλυούσης
1509 516 1704 570 πολλοὶ
1743 518 1845 584 μὲν
1876 520 1929 571 οἱ

202 624 217 651 τ,
245 603 850 670 συναχθεσθησόμενοι,
907 603 1051 670 λύπη
1104 603 1164 655 δὲ
1216 603 1511 666 ἀντίπαλος
1562 614 1625 675 τῇ
1677 609 1931 674 πρόσθεν

244 691 414 759 ἡδονῇ
454 689 661 758 κατέχει
700 687 800 756 μὲν
842 690 1014 744 αὐτὸν
1054 690 1285 760 ἐκεῖνον,
1331 692 1542 761 κατέχει
1589 694 1650 746 δὲ
1690 696 1930 758 οἰκείους

242 798 298 830 τε
329 777 421 831 καὶ
453 777 813 846 ἐπιτηδείους,
847 781 1009 846 λόγος
1040 799 1097 832 τε
1128 783 1303 843 πολὺς
1335 780 1396 834 ἐν
1428 791 1545 844 ταῖς
1577 784 1769 835 πόλεσι
1792 785 1932 853 πρὸς

242 865 468 920 ἔλαττον
520 867 659 920 ἰέναι
710 874 783 939 τῷ
834 869 975 921 δεῖνι
1026 870 1126 937 τὴν
1177 869 1375 923 οὐσίαν
1414 877 1522 923 νῦν
1559 871 1661 939 μὲν
1700 873 1931 924 οἰκετῶν

240 958 502 1026 πονηρίᾳ,
541 964 649 1009 νῦν
689 953 749 1008 δὲ
788 958 1114 1025 κακούργων
1154 957 1446 1028 ἐπιβουλῇ,
1485 967 1593 1012 νῦν
1633 956 1694 1012 δὲ
1732 959 1928 1029 ἀρχόν-

176 1066 218 1096 1ο
243 1064 352 1096 των
398 1048 624 1113 ψήφοις·
675 1044 963 1114 ἐργάσαιτο
1012 1045 1062 1098 δ’
1109 1048 1177 1098 ἄν
1223 1067 1275 1099 τι
1322 1046 1412 1100 καὶ
1461 1046 1629 1117 ἑγγύη
1670 1057 1929 1102 τοιοῦτον

242 1132 468 1196 ὁλκάδες
499 1153 556 1186 τε
590 1133 690 1186 οὐκ
724 1133 963 1202 εὐτυχῶς
995 1133 1084 1188 ἐπὶ
1115 1134 1280 1205 κέρδη
1316 1137 1586 1189 θαλάττια
1609 1138 1927 1190 πλεύσασαι.

238 1222 287 1273 4.
328 1224 389 1274 ἔν
426 1241 483 1274 τε
520 1223 591 1291 Υδὴ
632 1218 735 1275 οὖν
772 1226 1026 1292 λουτροῖς
1065 1226 1126 1276 ἔν
1165 1244 1221 1276 τε
1262 1223 1642 1295 ἐργαστηρίοις
1689 1231 1830 1278 οἴκοι
1869 1245 1926 1279 τε

239 1309 377 1379 ἀνὴρ
419 1310 643 1373 ἕκαστος
682 1312 819 1380 πρὸς
857 1313 1093 1380 γυναῖκά
1131 1332 1188 1365 τε
1228 1314 1315 1365 καὶ
1350 1312 1511 1366 τέκνα
1543 1312 1687 1382 λέγει
1719 1335 1771 1366 τι
1803 1313 1927 1384 περὶ

186 1399 336 1466 ’ξ”τῆς
383 1401 684 1467 μεταβολῆς
733 1401 793 1452 τὸ
846 1399 907 1452 ἐν
955 1409 1019 1470 τῇ
1069 1404 1342 1471 μεταβολῇ
1398 1401 1767 1471 λογιζομένων
1817 1412 1930 1456 τῶν

174 1508 213 1539 15
240 1485 576 1557 ἀνθρώπων·
639 1480 756 1550 οἷος
817 1487 945 1541 ἀνθ’
1007 1490 1129 1541 οἴου
1185 1489 1491 1558 γεγένηται·
1554 1490 1750 1559 μέγας,
1812 1486 1928 1544 εἶτα

149 1588 298 1630 R252
331 1578 545 1645 μικρός·
582 1574 588 1646 Ι
622 1578 909 1645 μακάριος,
966 1571 1081 1630 εἶτα
1135 1579 1346 1640 ἄθλιος.
1423 1577 1530 1631 εἰσὶ
1586 1576 1647 1631 δὲ
1702 1573 1786 1642 οἷς
1835 1578 1926 1632 καὶ

237 1665 488 1717 θανάτου
538 1667 867 1734 πικρότερον
905 1674 1067 1719 τοῦτο
1124 1661 1261 1720 εἶναι
1305 1669 1574 1736 φαίνεται.
1650 1669 1929 1737 μάρτυρας

355 1787 381 1824 4
417 1780 499 1823 od.
533 1783 561 1839 β
595 1785 679 1824 105
714 1783 761 1825 et
793 1785 875 1825 109

358 1889 382 1927 2
425 1885 474 1928 δὲ
514 1886 606 1928 ΑΡ
627 1885 728 1928 Mor
796 1886 843 1929 τὲ
875 1886 910 1928 Ι
950 1886 1030 1929 sed
1077 1902 1124 1930 τε
1163 1886 1234 1929 1113
1278 1885 1327 1929 111
1366 1900 1440 1930 ras
1491 1887 1497 1944 Ι
1548 1884 1712 1930 ὁπόσοι
1755 1885 1926 1940 Gasda,

239 1945 289 1986 at
321 1942 377 1986 cf.
411 1943 432 1985 I
463 1947 564 1997 409,
590 1948 637 1999 93
672 1949 711 1997 3,
740 1949 762 1987 7
781 1944 823 1986 R
971 1950 999 1988 4
1046 1946 1187 2001 αὐτῆς
1220 1947 1304 1990 Mo
1447 1950 1473 1988 5
1521 1943 1925 2003 συναχθησόμενοι

243 2002 455 2047 CPUMo
532 2004 946 2061 συναχθησώμενοι
985 2005 1062 2048 La
1137 2003 1628 2062 συναχθεσθησόμενοι
1670 2005 1737 2048 Va
1784 2006 1831 2047 et
1875 2004 1925 2047 in

238 2074 313 2103 ras
337 2061 405 2105 A³
487 2078 540 2118 γρ
575 2065 810 2119 συναχθεσ
900 2079 1030 2119 μενοι
1070 2077 1174 2107 cum
1212 2076 1288 2106 ras
1321 2065 1542 2119 quattuor
1579 2063 1842 2106 litterarum
1874 2064 1925 2106 in

237 2133 372 2177 marg
394 2120 462 2164 Α2
523 2121 1016 2179 συναχθεσθησόμενοι
1049 2135 1149 2165 corr
1181 2136 1204 2165 e
1237 2121 1640 2180 συναχθησόμενοι
1663 2124 1699 2166 Ι
1705 2122 1721 2147 ⁸
1781 2136 1922 2167 συνα-

237 2177 515 2235 χθεσόμενοι
555 2179 699 2224 Cobet
738 2181 905 2224 Mnem.
931 2180 973 2224 V
999 2184 1083 2224 106
1117 2183 1188 2238 (=
1216 2180 1328 2225 Coll.
1358 2183 1480 2238 102);
1530 2182 1580 2224 at
1625 2180 1681 2224 ef.
1706 2181 1922 2224 Aeschin.

238 2252 301 2281 or.
326 2238 391 2281 ΠΙ
415 2243 499 2282 242
550 2239 557 2296 Ι
605 2238 786 2294 πρόσθε
821 2242 904 2284 Mo
1058 2245 1081 2283 7
1113 2240 1229 2296 πρὸς
1261 2253 1335 2284 0111
1376 2241 1420 2285 U
1444 2240 1494 2283 111
1523 2239 1693 2283 lacuna
1725 2241 1924 2284 duarum

236 2326 498 2370 litterarum
641 2332 667 2370 8
699 2328 781 2384 μὲν
806 2328 879 2372 bis
906 2331 990 2373 Mo
1134 2334 1189 2372 12
1221 2325 1307 2372 οὖν
1339 2343 1414 2372 0111
1440 2331 1524 2374 Mo
1566 2331 1572 2385 Ι
1615 2316 1746 2373 οἷ’κοῖ
1779 2330 1864 2372 Mo

240 2390 294 2429 13
325 2386 442 2440 πρὸς
470 2385 554 2442 τὴν
585 2394 787 2444 γυναῖκα
812 2388 886 2432 La
928 2390 933 2443 Ι
975 2403 1023 2431 τε
1054 2387 1230 2431 inserui
1261 2401 1317 2431 ex
1339 2389 1491 2432 AILa
1532 2391 1538 2443 Ι
1580 2388 1722 2431 verba
1751 2387 1862 2430 inde
1894 2400 1923 2430 a,

235 2460 280 2487 τι
312 2445 436 2500 quod
469 2458 543 2488 om
561 2447 619 2499 Β,
651 2445 806 2489 labem
839 2448 1187 2490 contraxerunt:
1219 2447 1434 2491 videntur
1463 2463 1508 2490 τι
1539 2447 1645 2502 περὶ
1674 2452 1755 2502 τῆς
1785 2462 1923 2502 μετα-

237 2504 374 2561 βολῆς
412 2503 611 2548 delenda
657 2507 710 2548 ut
754 2505 895 2549 lectio
933 2505 1061 2548 varia
1100 2505 1394 2562 sequentium
1430 2505 1482 2550 τὸ
1522 2505 1571 2549 ἐν
1609 2511 1664 2563 τῇ
1696 2506 1920 2563 μεταβολῇ

238 2564 286 2605 et
329 2576 412 2618 pro
458 2562 511 2606 τὸ
553 2563 848 2607 scribendum
880 2562 904 2608 ὃ
1094 2570 1149 2608 14
1187 2565 1258 2622 τὸ]
1305 2565 1503 2621 ἔγκειται
1548 2564 1599 2608 τὸ
1633 2567 1718 2609 Mo
1814 2565 1921 2620 post

236 2620 455 2664 lacunam
487 2626 512 2665 5
543 2621 805 2666 litterarum
836 2639 913 2666 ται
942 2623 995 2666 τὸ
1018 2625 1096 2667 La
1170 2623 1220 2666 in
1246 2624 1285 2668 Ο
1309 2623 1479 2668 lacuna
1510 2627 1552 2678 4,
1584 2623 1634 2666 in
1657 2625 1703 2668 Α
1737 2627 1761 2665 2
1793 2621 1923 2666 litte-

236 2693 392 2724 rarum
425 2682 533 2724 ante
563 2681 615 2725 τὸ
655 2685 661 2736 Ι
702 2681 754 2726 τὸ
778 2708 836 2714 -—
862 2687 916 2725 15
942 2682 1230 2740 ἀνθρώπων]
1264 2682 1463 2725 delenda
1505 2682 1687 2726 censuit
1717 2681 1920 2725 Sintenis

297 2737 469 2795 ἕτοιμοι
501 2739 552 2784 δὲ
585 2738 851 2796 λογίζεσθαι
883 2740 1132 2797 ἅνθρωποι
1156 2742 1282 2785 BVa
1296 2741 1408 2784 Fen·
1422 2741 1525 2785 Mor
1551 2741 1557 2799 Ι
1585 2737 1663 2785 οἶοι
1693 2740 1751 2784 τὰ
1783 2740 1832 2785 ἐν
1862 2746 1917 2797 τῇ

237 2799 462 2856 μεταβολῇ
497 2799 599 2842 coni
627 2799 695 2843 Re
833 2803 886 2843 15
918 2798 1030 2843 οἴων
1053 2801 1089 2843 Ι
1226 2805 1278 2844 17
1310 2797 1436 2844 τοῦτ’
1458 2801 1583 2844 BVa
1606 2800 1717 2843 Fen·
1739 2798 1842 2842 Mor
1871 2801 1920 2841 et

237 2869 263 2899 e
293 2863 426 2900 τοῦτο
459 2870 560 2900 corr
589 2857 687 2902 La²
735 2859 742 2915 Ι
789 2875 907 2913 υρας
946 2858 996 2902 111
1038 2858 1273 2915 μάρτυρας
1313 2858 1363 2902 111
1394 2872 1469 2902 ras
1501 2859 1695 2902 duarum
1738 2857 1919 2901 littera-

233 2929 338 2958 rum
369 2917 405 2959 I
481 2914 655 2972 μάρτυς
688 2917 936 2962 CAPULa
