2090 3162
212 127 320 177 484
764 126 990 169 LIBANH
1023 125 1245 170 ORATIO
1279 126 1343 170 XI

213 280 318 314 πον
350 264 445 314 τὸν
477 262 663 327 θυμὸν
704 263 779 323 εἰς
818 264 1108 331 πρᾳότητα.
1173 262 1315 314 οὕτω
1355 269 1449 330 τῆς
1489 260 1713 315 ἐκείνων
1746 261 1896 325 έξουΰ

214 353 333 412 σιάς
382 351 735 418 ἰσχυρότερον
772 349 1058 418 κέκτηνται
1106 351 1410 419 φάρμακον.
1491 351 1610 403 142.
1656 352 1747 403 καὶ
1795 352 1897 404 οὐκ

215 440 348 506 αὐτὴ
375 441 479 490 σὺν
503 440 684 509 τρόμῳ
710 447 946 491 ποιεῖται
970 439 1065 501 τὰς
1089 440 1341 501 εἰσόδους
1365 439 1438 501 ὡς
1460 441 1589 502 τοὺς
1613 441 1895 509 ἄρχοντας,

216 525 331 578 ἀλλ’
381 528 432 578 οἱ
471 526 760 593 μέλλοντες
798 533 1131 596 ψηφιεῖσθαι
1173 530 1279 580 σὺν
1320 527 1576 600 εὐλαβείᾳ
1614 533 1896 596 καλοῦσιν,

170 635 189 667 5
214 616 285 676 ὡς
316 614 384 666 ἂν
417 614 477 667 ἐν
509 615 778 684 ἀνδράσιν
811 615 1165 685 ἁρπασθῆναι
1198 613 1300 684 μὲν
1340 617 1406 668 οὐ
1448 617 1673 687 ῥᾳδίοις,
1713 626 1899 686 κρῖναι

125 716 166 758 R
188 720 270 758 319
306 700 365 755 δὲ
390 704 645 766 δυνατοῖς
681 703 686 774 Ι
722 706 821 773 τὴν
845 712 1040 774 πεῖραν
1065 706 1349 767 δώσοντες.
1394 705 1446 757 οἱ
1471 701 1532 757 δὲ
1555 714 1653 758 τοῦ
1680 706 1897 758 δικαίου

214 788 314 857 μὲν
352 791 747 861 παρορωμένου
790 794 1166 862 διαμάχονται,
1204 803 1471 856 νικῶντος
1503 791 1563 846 δὲ
1596 793 1898 848 ἐπαινοῦσι.

215 880 304 931 καὶ
351 879 487 948 μέγα
534 882 610 943 εἰς
657 883 756 934 τὸν
795 884 921 948 βίον
960 883 1198 950 ἄρχοντι·
1222 883 1282 934 τὸ
1329 881 1480 945 δόξαι
1519 891 1582 952 τῇ
1622 886 1795 953 βουλῇ
1835 885 1901 936 τὰ

218 970 403 1020 δίκαια
427 971 850 1036 βεβουλεῦσθαι.
909 970 1027 1022 143.
1063 971 1155 1022 καὶ
1179 971 1280 1040 γάρ
1307 990 1390 1024 τοι
1414 979 1532 1034 ταῖς
1562 969 1664 1040 μὲν
1696 973 1899 1040 ἄλλαις,

151 1078 191 1110 10
216 1057 285 1125 ἢν
339 1056 635 1124 ἐνέγκωσιν
687 1060 952 1127 ἄρχοντος
1001 1058 1181 1128 ῥύμην
1231 1058 1322 1111 καὶ
1372 1061 1443 1128 μὴ
1494 1059 1687 1122 τελέως
1739 1080 1900 1113 κατα-

215 1149 554 1214 κλυσθῶσιν,
605 1144 780 1199 ἔπεισι
831 1156 1084 1216 φρονεῖν·
1144 1146 1205 1200 ἐν
1254 1149 1384 1216 ἡμῖν
1425 1145 1485 1201 δὲ
1524 1150 1723 1211 οἵτινες
1760 1148 1901 1216 <ἂν>

216 1236 476 1304 ἄρχοντες
515 1236 941 1304 εὐδοκιμήσωσι,
987 1236 1087 1288 τὸν
1126 1235 1205 1289 ἐπ’
1254 1236 1415 1307 ἀρετῇ
1456 1236 1731 1306 στέφανον
1770 1237 1900 1308 ἀνῃ-

217 1329 423 1391 ρῆσθαι
454 1326 791 1391 νομίζουσιν,
824 1324 925 1393 οὐχ
956 1325 1029 1387 ὡς
1061 1324 1466 1394 ἀπειθεστέρων
1497 1329 1900 1396 κεκρατηκότες,

217 1410 333 1464 ἀλλ’
371 1413 444 1474 ὡς
476 1411 545 1465 ἂν
577 1411 638 1465 ἐν
677 1415 1027 1482 φρονήμασιν
1059 1411 1376 1483 ἐλευθέροις
1414 1412 1643 1467 ἐπαίνου
1683 1434 1901 1484 τετυχη-

152 1521 192 1552 15
216 1502 380 1562 κότες.
461 1501 580 1553 144.
635 1501 778 1554 οὕτω
834 1498 895 1554 δὲ
947 1502 980 1570 ἡ
1035 1503 1208 1571 βουλὴ
1255 1511 1370 1565 τοῖς
1417 1503 1683 1571 ἐφεστῶσι
1733 1518 1901 1573 προσ-

219 1588 492 1658 φερομένη
543 1590 679 1658 πρὸς
731 1589 999 1658 ἀλλήλους
1049 1591 1151 1643 οὐκ
1203 1589 1281 1643 ὀὲν·
1311 1588 1483 1659 φαίην
1522 1592 1594 1654 ὡς
1640 1592 1743 1645 οὐκ
1793 1590 1901 1662 ἐρί-

219 1679 422 1745 ζουσιν,
471 1677 608 1730 ἀλλὰ
653 1678 743 1730 καὶ
781 1679 928 1730 πάνυ
965 1686 1128 1731 τοῦτο
1170 1680 1377 1748 δρῶσιν
1417 1679 1505 1732 ἐπὶ
1542 1688 1657 1742 τοῖς
1693 1689 1903 1743 κοινοῖς

220 1764 467 1831 ἀγαθοῖς.
521 1768 644 1834 τρία
683 1767 786 1836 γὰρ
827 1766 1001 1835 αὑτὴν
1041 1768 1300 1820 διελοῦσα
1337 1767 1461 1836 τέλη
1503 1769 1603 1836 τὴν
1641 1765 1742 1836 μὲν
1780 1769 1903 1837 ἡγε-

130 1865 171 1907 R
193 1869 278 1908 320
309 1856 508 1920 μονίαν
547 1853 676 1906 καθ’
720 1854 951 1907 ἕκαστον
989 1864 1104 1918 τοῖς
1147 1855 1388 1924 ἀρίστοις
1428 1855 1763 1924 ἀνατέθεικε,
1799 1855 1805 1927 Ι
1840 1858 1900 1910 τὸ

154 1963 196 1994 20
220 1943 416 1995 λοιπὸν
467 1940 527 1995 δὲ
581 1941 763 1996 ἕπεται
818 1952 1138 2013 στρατηγοῖς
1189 1943 1565 2011 ἐπισταμένοις
1614 1943 1751 2016 ὑπὲρ
1802 1954 1900 1998 τοῦ

219 2029 420 2099 μέρους
468 2039 675 2085 πονεῖν.
757 2030 879 2085 145.
929 2033 1102 2085 εἰπεῖν
1154 2029 1214 2085 δὲ
1265 2032 1332 2086 οὐ
1378 2042 1492 2096 τοῖς
1538 2029 1638 2100 μὲν
1677 2032 1901 2103 ἔξεστιν,

222 2120 274 2171 οἱ
313 2116 374 2172 δὲ
412 2121 771 2188 κεκώλυνται,
811 2120 949 2172 ἀλλά
987 2122 1144 2189 κοινὴ
1194 2117 1295 2187 μὲν
1332 2124 1630 2191 παρρησία,
1682 2125 1903 2191 συγχαί-

223 2222 384 2277 ρουσι
439 2204 500 2259 δὲ
552 2213 620 2278 τςῖ
682 2227 735 2260 τι
797 2207 1014 2277 λέγοντ’,
1077 2210 1315 2278 χρηστὸν
1378 2211 1430 2262 οἱ
1491 2213 1901 2280 παρεστηκότες,

338 2400 364 2438 3
437 2416 452 2446 ·‚
485 2396 596 2439 BM
711 2402 737 2440 5
769 2398 1074 2453 ἀπατηθῆναι
1106 2396 1328 2451 Sinbenis,
1370 2399 1419 2441 at
1456 2397 1512 2441 cf.
1546 2398 1690 2453 1560,
1709 2399 1793 2442 6R
1820 2401 1826 2456 Ι
1863 2416 1903 2449 ις

221 2454 270 2497 in
303 2451 483 2514 ῥᾳδίοις
512 2455 563 2498 in
592 2469 666 2498 ras
699 2456 770 2500 1³⁶
914 2460 968 2498 10
1002 2457 1164 2499 acutus
1208 2458 1256 2499 et
1286 2473 1347 2507 ως
1388 2457 1437 2499 in
1467 2455 1627 2508 τελέως
1657 2457 1707 2500 in
1737 2471 1813 2501 ras
1845 2458 1902 2501 1⁸

283 2518 336 2556 11
369 2512 478 2569 ἡμῖν
511 2514 676 2570 scripsi
706 2527 763 2558 ex
794 2515 926 2559 UIM
952 2514 1055 2558 coll.
1088 2531 1132 2572 p.
1166 2519 1266 2570 480,
1286 2519 1324 2558 3.
1359 2519 1459 2570 482,
1479 2521 1517 2559 7.
1551 2520 1651 2571 483,
1671 2521 1725 2560 13
1794 2517 1902 2573 ὑμῖν

222 2571 391 2628 reliqui
431 2571 539 2615 libri
582 2572 673 2616 edd
729 2574 736 2631 Ι
793 2572 956 2625 εἴτινες
987 2574 1049 2617 Μ
1097 2574 1103 2632 Ι
1161 2571 1220 2619 ἂν
1263 2574 1438 2618 inserui
1477 2576 1523 2618 et
1565 2580 1616 2618 12
1663 2574 1903 2631 εὐδοκιμή-

224 2645 335 2674 σωσι
366 2630 529 2687 scripsi
561 2634 747 2676 auctore
779 2631 934 2676 Grasda
1007 2631 1360 2688 εὐδοκιμήσουσι
1401 2632 1510 2676 libri
1542 2634 1633 2677 edd
1767 2638 1820 2677 15
1853 2634 1903 2678 ἐν

222 2697 319 2740 τοῖς
364 2690 479 2735 BGa
643 2695 696 2734 18
744 2690 889 2747 αὐτὴν
936 2703 991 2734 ex
1037 2691 1183 2747 αὐτὴν
1231 2705 1330 2735 corr
1380 2691 1453 2736 ΡΒ
1536 2692 1682 2749 αὐτὴν
1739 2692 1846 2738 UG'a

227 2753 280 2791 19
320 2747 612 2793 καθέκαστον
644 2751 676 2793 Ι
719 2750 726 2808 Ι
775 2748 1050 2794 ἀνατέθεικε
1097 2750 1262 2806 scripsi
1305 2763 1361 2794 ex
1407 2751 1624 2796 UBMCa
1698 2750 1903 2807 ἀνέθηκε

226 2820 366 2863 supra,
402 2806 678 2852 ἀνατέθεικε
708 2807 767 2852 1²
841 2805 1044 2864 ἀνέθηκε
1075 2809 1290 2854 AOPMo
1321 2809 1412 2853 edd
1548 2814 1601 2853 21
1643 2811 1802 2860 αὐτοῖς
1839 2809 1904 2854 Ga

314 2869 368 2909 22
415 2867 695 2910 κεκώλυνται
741 2868 826 2912 Mo
872 2867 954 2910 sed
998 2867 1219 2913 κωλύεται
1263 2868 1314 2912 in
1359 2880 1493 2925 marg
1533 2868 1603 2912 m²
1759 2873 1815 2912 23
1859 2865 1904 2911 τί

227 2925 540 2969 APIBMMO
