2090 3162
746 87 972 132 LIBANH
1004 86 1225 131 ORATIO
1259 87 1322 131 XI
1766 88 1871 139 427

305 231 398 276 91ν
436 226 487 276 ἐκ
526 234 611 276 τοῦ
650 226 875 276 ἐναντίου
917 224 941 275 ὅ
982 224 1104 293 ἄρης
1255 225 1423 291 μελέτη
1464 228 1514 291 ιβ
1591 227 1732 289 φύλλ.
1767 246 1786 276 ε

190 303 359 350 multis
399 303 517 350 locis
558 304 776 350 correcta

304 378 367 424 97
432 375 693 440 παράσιτος
740 373 819 424 ἐπὶ
870 375 1070 423 δεῖπνον
1116 373 1451 440 παρακληθεὶς
1603 373 1770 439 μελέτη
1811 370 1875 440 ιγ’

191 449 332 511 φύλλ.
366 449 394 497 ὃ
507 451 626 497 item
666 450 836 497 multis
876 449 995 497 locis
1037 452 1254 497 correcta.

301 525 429 572 lOOv
468 520 493 572 ὅ
534 523 690 586 κίμων
729 522 879 571 αἰτῶν
1030 520 1196 586 μελέτη
1237 519 1307 570 ιδ’
1385 522 1525 585 φύλλ.
1558 541 1593 571 ε.

301 599 429 645 106*
468 597 764 662 προθεωρία.
827 596 1038 660 βιάζεται
1077 594 1158 644 καὶ
1196 594 1378 662 πατέρα
1416 597 1647 656 πολλάκις
1686 594 1716 660 ἡ
1751 595 1872 662 πρὸς

187 669 240 718 τὸ
295 670 466 720 κοινὸν
519 668 687 719 εὔνοια
740 670 933 719 παίδων
987 668 1254 735 ὑπερορᾶν·
1318 670 1442 734 αὕτη
1504 669 1588 729 τὰς
1643 679 1728 719 τοῦ
1783 669 1873 720 λεὼ

186 742 460 810 θυγατέρας
513 742 791 794 ἀπέκτεινεν
838 747 934 793 κτλ.
1006 737 1075 791 ‘H
1115 742 1282 808 μελέτη
1337 744 1461 808 αὕτη
1516 745 1758 810 χορικίου,
1814 744 1872 793 οὐ

185 825 272 866 τοῦ
296 818 542 883 λιβανίουε
579 817 746 881 μελέτη
771 836 826 867 ιε.
878 817 1020 880 φύλλ.
1046 814 1125 880 ις’;
1177 822 1251 867 est
1275 819 1568 867 declamatio
1594 819 1665 866 IV
1692 822 1793 867 771
1817 820 1871 866 R.

185 892 374 941 Choric.
414 911 459 955 p.
503 894 606 941 205
648 893 804 941 Boiss.
883 893 1030 940 Multi
1084 893 1181 940 loci
1234 909 1387 941 manu
1439 895 1707 941 recentiore
1760 909 1871 955 sup-

188 967 310 1028 pleti
350 970 477 1015 sunt.

301 1042 402 1088 123
467 1038 582 1103 μετὰ
621 1038 679 1088 τὰ
717 1039 770 1089 ἐν
809 1042 1038 1103 σαλαμῖνι
1083 1037 1447 1104 ἀναλαμβάνειν
1494 1038 1631 1100 ἀξιοῖ
1669 1044 1872 1105 νεοκλῆς

258 1115 366 1162 add.
401 1108 494 1162 m2:
557 1112 724 1178 μελέτη
765 1110 830 1170 ις’
892 1113 1034 1177 φύλλ.
1066 1111 1122 1178 η’

296 1189 426 1237 13οῩ
456 1186 509 1236 ἐκ
540 1195 627 1237 τοῦ
658 1187 885 1237 ἐναντίου
917 1185 942 1236 ὅ
974 1190 1312 1252 θεμιστοκλῆς.
1439 1189 1546 1236 add.
1566 1182 1659 1236 m2:
1702 1187 1870 1252 μελέτη

182 1263 230 1321 ιζ
288 1261 429 1324 φύλλ.
463 1258 532 1325 η’.

298 1337 429 1384 138V
469 1335 641 1399 Νόμος
680 1327 744 1399 ἦν
775 1335 861 1385 τὸν
893 1336 1052 1395 ξενίας
1083 1333 1262 1385 ἁλόντα
1425 1336 1534 1385 add.
1566 1330 1660 1384 m2:
1701 1334 1870 1400 μελέτη

182 1406 270 1473 ιη’.
348 1409 490 1471 φύλλ.
525 1406 570 1464 ς’

296 1485 398 1532 145
462 1483 687 1548 λιβανίου
726 1482 868 1548 λόγος
906 1482 1029 1548 πρὸς
1067 1482 1182 1541 τοὺς
1221 1482 1290 1541 εἰς
1328 1482 1419 1547 τὴν
1458 1483 1685 1533 παιδείαν
1717 1482 1869 1534 αὐτὸν

180 1555 575 1618 ἀποσκώψαντας
616 1551 810 1624 (rubr.).
886 1561 1000 1620 post
1042 1573 1288 1606 rasuram:
1350 1557 1493 1620 φύλλ.
1533 1553 1582 1623 ιγ

295 1632 426 1679 157V
463 1629 738 1697 ἀριστείὸου
777 1630 1122 1697 πρεσβευτικὸς
1158 1630 1282 1696 πρὸς
1323 1629 1515 1696 ἀχιλλέα

295 1706 396 1753 165
459 1703 687 1770 ἀχιλλέως
725 1703 979 1770 ἀπολογία,
1019 1704 1095 1754 ὅτε
1133 1697 1259 1768 ἧκον
1295 1705 1347 1754 οἵ
1372 1703 1596 1771 πρέσβεις
1626 1702 1749 1770 ὑπὲρ
1782 1713 1868 1755 τοῦ

180 1776 519 1844 ἀγαμέμνονος
572 1777 703 1828 αὐτῶ
757 1778 1188 1845 πρεσβευσάμενοιτ
1246 1779 1486 1844 λιβανίου.
1617 1777 1784 1843 μελέτη
1824 1776 1869 1828 κ’

181 1852 321 1915 φύλλ.
362 1853 409 1911 ιζ

295 1927 425 1974 182*
457 1920 591 1993 (add.
615 1919 708 1974 m2:
740 1926 966 1991 λιβανίου
997 1920 1163 1994 λόγος)
1233 1924 1571 1991 ἀντιοχικός
1631 1926 1775 1992 λόγος
1805 1945 1868 1975 κα

181 1999 295 2062 φύλ-
336 1999 394 2064 ξβ

293 2076 395 2122 217
459 2073 739 2139 σωκράτους
790 2071 1030 2139 ἀπολογία
1141 2073 1284 2140 λόγος
1329 2074 1406 2138 κβ.
1483 2073 1598 2136 φύλ.
1638 2070 1680 2122 λ’
1786 2074 1865 2122 de-

180 2147 300 2196 sinit
352 2149 403 2196 in
454 2149 538 2196 fol.
580 2150 713 2196 244*
749 2147 910 2196 verbis
964 2147 1145 2207 παῖδας
1197 2146 1457 2211 ἐποιήσατο
1510 2147 1723 2211 νομίζων
1777 2146 1869 2196 οὐκ

180 2215 305 2270 εἶναι
353 2228 440 2286 τῆς
489 2219 642 2270 αὐτοῦ
693 2215 795 2288 (111
829 2222 912 2282 59,
941 2223 1006 2270 12
1024 2215 1107 2289 R).
1184 2222 1395 2284 Reliqua
1431 2237 1546 2284 pars
1585 2222 1694 2270 folii
1735 2223 1868 2270 244*Γ

179 2299 230 2343 et
266 2297 365 2343 tria
404 2295 662 2358 sequentia.
701 2311 857 2344 vacua
896 2297 1023 2344 sunt.

295 2370 399 2417 248
441 2368 706 2435 παράσιτος
743 2376 830 2418 τοῦ
868 2366 1133 2435 τρέφοντος
1174 2367 1326 2418 αὐτὸν
1365 2368 1794 2433 φιλοσοφήσαντος

180 2442 363 2491 desinit
400 2443 561 2492 medio
601 2443 654 2491 in
699 2444 820 2492 folio
862 2444 966 2491 253
1009 2445 1147 2491 cuius
1185 2443 1378 2506 reliqua
1421 2458 1538 2506 pars
1576 2459 1734 2492 vacua
1779 2445 1867 2505 est,

181 2532 358 2566 aversa
397 2518 619 2566 continet
656 2515 916 2580 ἐπιστολὴν
952 2515 1076 2583 πρὸς
1113 2515 1348 2582 γεώργιον
1385 2514 1470 2565 τὸν
1509 2516 1703 2582 βλάχον.

291 2590 431 2638 Folio
466 2591 571 2639 254
603 2607 733 2640 nova
771 2592 948 2652 incipit
986 2606 1159 2639 manus
1199 2590 1416 2639 eiusdem
1447 2591 1627 2639 aetatis
1729 2590 1864 2655 λιβα-

178 2663 291 2713 νίου
324 2671 560 2726 σοφιστοῦ
593 2662 781 2727 μελέται
814 2658 995 2731 (rubr.)
1100 2663 1274 2728 Νόμος
1312 2655 1377 2727 ἦν
1416 2662 1532 2727 μετὰ
1569 2671 1657 2713 τοῦ
1687 2663 1864 2730 τυράν-

179 2755 272 2787 νου
459 2738 569 2787 add.
600 2732 675 2786 m'
749 2735 918 2802 μελέτη
957 2755 1018 2802 κγ
1078 2737 1192 2800 φύλ.
1225 2756 1287 2803 ιγ.

291 2813 423 2859 267*
462 2810 635 2874 Νόμος
671 2811 757 2861 τὸν
795 2809 951 2875 ἄνδρα
989 2809 1080 2875 τὴν
1117 2815 1297 2877 προῖκα
1327 2817 1415 2875 τῆς
1446 2810 1789 2877 μοιχευθείσης

179 2882 345 2949 μελέτη
384 2884 446 2933 κδ
521 2883 636 2947 φύλ.
668 2903 717 2950 ιγ
