2090 3162
219 118 325 170 376
759 117 984 160 LIBANII
1018 116 1240 159 ORATIO
1274 115 1357 158 VII

220 256 349 315 τοὺς
390 254 523 314 νεὼς
563 252 884 321 ἐνέπλησαν,
926 253 976 305 οἱ
1010 249 1068 304 δὲ
1103 248 1171 304 αὖ
1206 251 1579 320 ἀνδρειότεροι
1611 253 1699 304 καὶ
1740 258 1903 304 καθε-

134 355 279 398 R249
314 344 498 403 λόντες
532 341 539 409 Ι
576 343 749 403 οἰκίας
796 339 1016 412 ᾤκησαν
1055 350 1164 392 τῶν
1209 339 1425 392 ἐκεῖθεν
1465 342 1645 392 λίθων
1683 358 1906 408 πεποιη-

220 429 398 496 μένας.

336 519 414 569 11.
455 510 553 570 Ὧν
593 519 645 570 οἱ
684 518 785 586 μὲν
824 518 1024 570 ἔδοσαν
1063 519 1165 585 ἤδη
1202 518 1378 585 δίκην,
1421 518 1473 569 οἱ
1506 518 1565 570 δὲ
1600 519 1752 570 οὔπω
1785 517 1905 586 μέν,

180 628 198 659 5
225 607 325 659 οὐκ
388 608 500 658 ἔστι
565 603 623 658 δὲ
681 606 734 674 ὅ,
796 626 848 658 τι
911 606 1110 667 αὐτοὺς
1175 604 1522 675 ἐξαιρήσεται.
1615 606 1789 674 λέγων
1844 603 1905 659 δὲ

224 696 486 762 αὐτούς,
528 695 729 757 αὐτοὺς
764 694 901 762 λέγω
935 696 1024 747 καὶ
1055 695 1256 756 παῖδας
1287 695 1376 746 καὶ
1409 696 1539 756 τοὺς
1571 692 1624 757 ἐξ
1665 694 1903 747 ἐκείνων.

223 779 301 837 ὧν
333 782 420 852 ἐφ’
461 783 651 836 ὅντινα
683 782 751 835 ἂν
783 781 919 852 ἔλθῃ
952 784 1012 835 τὸ
1044 788 1301 851 πλῆττον,
1339 783 1367 836 ὁ
1401 783 1669 850 γεννάδας
1700 783 1907 846 ἐκεῖνος

223 871 537 940 πέπληκται.
618 872 697 924 12.
751 873 980 934 τούτους
1019 868 1122 924 οὖν
1161 873 1451 939 οἰκτείρειν
1490 872 1666 940 χρεὼν
1712 870 1781 924 ἂν
1821 877 1904 939 εἴη

224 964 433 1029 μᾶλλον
471 959 503 1028 ἢ
546 962 667 1014 ὅσοι
713 960 1016 1028 βλέπουσιν
1057 961 1133 1022 εἰς
1171 963 1298 1022 τοὺς
1339 959 1538 1029 ἑτέρων
1578 960 1905 1022 δακτύλους·

155 1072 198 1103 10
222 1049 294 1111 ὡς
339 1057 452 1111 τοῖς
498 1049 598 1117 μὲν
636 1049 669 1117 ἡ
709 1050 929 1117 τελευτὴ
983 1049 1137 1102 λύσει
1175 1050 1235 1101 τὸ
1283 1047 1497 1117 χρῄζειν
1535 1058 1644 1101 τῶν
1683 1046 1906 1119 ἐπαρκε-

223 1139 452 1205 σόντων,
499 1146 613 1199 τοῖς
661 1134 719 1190 δὲ
767 1136 889 1190 ἀντὶ
936 1145 1135 1207 μικροῦ
1183 1140 1388 1207 χρόνου
1432 1145 1530 1190 τοῦ
1570 1145 1664 1205 τῆς
1701 1137 1907 1206 ἡδονῆς

223 1226 500 1288 ἀθάνατος
540 1225 864 1279 ἐπικείσεται
907 1228 1075 1295 ζημία.

343 1421 364 1458 1
401 1416 604 1472 ἔπλησαν
623 1416 760 1460 BMa
775 1416 885 1459 Fen·
901 1415 1001 1459 Mor
1099 1420 1123 1458 2
1159 1413 1332 1460 ὤκισαν
1364 1416 1436 1459 vel
1469 1413 1768 1490 ᾠκοδόμησαν
1800 1415 1903 1459 coni

225 1476 290 1519 Re
434 1479 458 1518 5
492 1474 544 1520 δὲ
568 1475 647 1532 (2)]
682 1472 728 1518 δ’
758 1476 895 1519 ΒΜα
918 1475 1029 1518 Fen·
1052 1475 1153 1518 Mor
1304 1480 1328 1518 6
1371 1476 1539 1524 αυτοὺς
1585 1475 1782 1518 alterum
1830 1490 1903 1518 om

223 1536 361 1578 BMa
383 1534 495 1577 Ferr
517 1533 619 1577 Mor
656 1534 662 1592 Ι
700 1533 812 1591 λέγω
845 1534 924 1577 καὶ
955 1534 1148 1591 παῖδας]
1181 1534 1260 1577 καὶ
1290 1536 1465 1584 παῖδας
1495 1533 1607 1591 λέγω
1634 1536 1771 1578 BMa
1793 1534 1906 1577 Fen·

222 1593 324 1636 Mor
466 1597 491 1636 8
523 1600 670 1650 χρεῶν
705 1594 742 1637 Ο
783 1594 831 1636 et
867 1606 1046 1636 m.1·ec.
1081 1593 1129 1635 in
1171 1593 1318 1650 χρεὼν
1358 1607 1458 1636 corr
1481 1595 1525 1636 A
1677 1597 1701 1635 9
1733 1595 1904 1650 μᾶλλον

223 1652 368 1709 χρεὼν
401 1649 459 1695 ἂν
492 1651 561 1707 εἴη
594 1653 732 1696 ΒΜα
755 1652 866 1695 Fen·
889 1651 990 1695 Mor
1129 1656 1181 1695 10
1212 1659 1303 1695 τῶν
1344 1651 1692 1707 ἐπαρκεσόντων
1723 1651 1905 1709 χρήζειν

223 1713 362 1756 ΒΜα
391 1711 502 1754 Fen·
532 1711 633 1754 Mor
687 1713 733 1754 et
780 1724 804 1754 e
850 1710 1030 1768 χρήζειν
1077 1718 1166 1754 τῶν
1215 1709 1563 1765 ἑπαρκεσόντων
1611 1725 1711 1754 corr
1749 1711 1806 1754 1⁸

226 1775 276 1813 11
305 1777 498 1827 μακροῦ,
531 1771 611 1813 sed
643 1787 672 1813 oc
704 1770 753 1813 111
783 1783 858 1813 ras
891 1772 925 1813 I
960 1771 965 1828 Ι
1007 1777 1087 1814 τοῦ
1122 1770 1244 1813 inser
1268 1771 1337 1825 1³,
1371 1785 1444 1814 om
1481 1772 1523 1815 U
1649 1776 1700 1813 12
1736 1769 1837 1813 ἀθά
1862 1772 1910 1814 Ρ

224 1829 287 1885 (111
321 1829 409 1873 fine
439 1829 608 1886 lineae)
659 1833 664 1886 Ι
715 1829 742 1885 ἡ
774 1826 910 1885 ζημία
944 1831 1032 1873 Ma
