2090 3162
765 116 990 160 LIBANII
1022 116 1245 160 ORATIO
1279 117 1340 159 XI
1784 118 1887 169 471

208 255 450 322 στόματα
489 252 577 305 καὶ
619 262 899 321 σοφιστῶν
937 253 1105 322 χορὸν
1141 251 1146 323 Ι
1182 253 1252 315 ὡς
1293 246 1414 305 οἶόν
1445 272 1502 306 τε
1533 251 1802 320 μέγιστον.
1835 266 1875 309 R
1897 270 1982 311 306

216 342 334 394 107.
381 345 462 404 τίς
509 337 612 394 οὖν
651 341 874 410 εὕρηται
914 343 1084 410 πόρος
1124 340 1185 394 ἐν
1224 341 1424 411 ἀπορίᾳ
1462 342 1721 412 τοσαύτης
1784 351 1895 394 τῶν

208 428 312 497 μὲν
361 435 701 498 μνησθῆναι,
751 432 882 493 τοὺς
935 430 995 482 δὲ
1041 430 1370 499 ὑπερβῆναι,
1422 434 1632 499 μᾶλλον
1679 427 1738 482 δὲ
1785 440 1896 482 τῶν

210 517 312 588 μὲν
353 520 418 572 οὐ
466 519 642 571 πάντα
682 520 873 585 εἰπεῖν,
913 516 1028 571 ἀλλ’
1078 517 1136 571 ἐκ
1175 522 1395 571 πολλῶν
1434 518 1592 586 ὀλίγα
1631 520 1894 583 διελθεῖν,

208 606 335 675 περὶ
376 604 436 660 δὲ
475 618 585 660 τῶν
626 607 1067 677 ι’σχυρισάμενον,
1115 608 1187 670 ὡς
1234 608 1300 660 οὐ
1348 610 1565 676 χείρους
1603 617 1713 660 τῶν
1751 609 1894 677 εἰρη-
1943 631 1961 662 5

206 696 408 764 μένων,
440 701 692 749 κελεῦσαι
724 699 853 759 τοὺς
886 695 1269 765 ἀκροωμένους
1302 695 1362 749 ἐν
1393 705 1511 759 ταῖς
1549 705 1896 766 συγγραφαῖς

208 786 523 852 δοκιμάζειν
560 805 667 854 μου
707 786 805 837 τὸν
844 787 1028 853 λόγον.

326 875 443 926 108.
481 873 734 946 Ἀντιόχῳ
781 875 975 927 τοίνυν
1021 880 1095 946 τῷ
1138 875 1418 927 Σελεύκου
1466 873 1620 926 παιδὶ
1660 876 1897 943 πόλεμος

212 959 312 1031 μὲν
352 963 535 1025 οὐδεὶς
573 961 905 1031 ἐπολεμήθη,
944 963 1006 1014 τὸ
1047 963 1152 1032 γὰρ
1193 963 1457 1031 δυσμενὲς
1496 963 1641 1015 ἅπαν
1680 962 1896 1032 ἐπτήχει

207 1057 284 1122 τῷ
326 1053 508 1122 φόβῳ,
558 1053 662 1103 σὺν
702 1051 1028 1121 εὐδαιμονίᾳ
1074 1051 1135 1104 δὲ
1173 1052 1312 1120 πρὸς
1351 1059 1520 1121 γῆρας
1560 1051 1785 1105 ἐλθόντι
1825 1058 1898 1123 τῷ
1919 1075 1962 1107 10
2042 1056 2048 1061 ’

210 1138 367 1192 παιδὶ
422 1141 522 1208 τὴν
576 1139 749 1208 ἀρχὴν
802 1138 1044 1209 ὑπῆρξεν
1107 1140 1210 1192 οὐκ
1269 1138 1470 1193 ἐλάττω
1533 1142 1896 1210 παραδοῦναι.

209 1229 386 1300 τούτῳ
427 1225 488 1281 δὲ
526 1227 616 1281 καὶ
658 1229 805 1299 αὐτῷ
851 1229 918 1280 τὰ
956 1226 1058 1296 μὲν
1097 1229 1237 1281 ὅπλα
1282 1229 1547 1298 ἡσύχαζεν
1586 1229 1687 1282 οὐκ
1728 1230 1897 1297 οὔσης

208 1316 474 1385 ἀνάγκης,
520 1322 712 1383 θαῦμα
761 1316 826 1369 δέ
859 1336 911 1369 τι
952 1316 1243 1384 συνέβαινε
1282 1326 1376 1386 τῆς
1419 1319 1587 1388 ἄκρας
1626 1318 1898 1386 εὐφημίας

207 1413 273 1474 τῇ
325 1407 496 1458 πόλει.
578 1405 695 1457 109.
747 1407 967 1474 κηδεύει
1018 1403 1120 1475 μὲν
1169 1407 1271 1475 γὰρ
1315 1409 1636 1478 Πτολεμαίῳ
1685 1414 1759 1479 τῷ
1804 1415 1898 1475 τῆς

213 1495 501 1561 Αἰγύπτου
542 1496 771 1562 βασιλεῖ,
804 1497 1148 1560 Πτολεμαῖος
1187 1492 1247 1547 δὲ
1286 1495 1435 1562 ἥκων
1467 1494 1673 1548 ἐνθάδε
1711 1494 1801 1548 καὶ
1833 1497 1894 1548 τὸ
1921 1517 1962 1550 15

208 1583 408 1645 κάλλος
439 1590 534 1651 τῆς
558 1581 872 1652 Ἀρτέμιδος
904 1581 1192 1651 ἐκπλαγεὶς
1231 1582 1511 1652 ἐβουλήθη
1549 1591 1643 1651 τῆς
1682 1582 1897 1636 ἐκείνου

210 1671 388 1740 χώρας
428 1665 571 1723 εἶναι
608 1672 669 1724 τὸ
710 1673 924 1740 ἄγαλμα
961 1670 1051 1724 καὶ
1092 1672 1278 1740 λαβὼν
1309 1671 1531 1740 ἀπῆγεν,
1592 1673 1624 1741 ἡ
1666 1673 1727 1726 δὲ
1764 1673 1899 1736 θεὸς

211 1759 322 1812 ἐκεῖ
365 1756 467 1828 μὲν
513 1757 903 1830 ἐθεραπεύετο,
948 1769 1043 1829 τῆς
1090 1761 1152 1813 δὲ
1196 1760 1456 1830 ἡμετέρας
1503 1760 1767 1831 ἐπεθύμει
1805 1761 1897 1815 καὶ

209 1849 357 1919 νόσῳ
411 1848 511 1916 τὴν
563 1857 802 1917 γυναῖκα
853 1857 950 1902 τοῦ
1001 1852 1432 1918 μεταστήσαντος
1484 1851 1690 1918 ἤλαυνε
1744 1851 1898 1903 διδά-

211 1950 423 1989 σκουσα
460 1945 576 2000 τοῖς
615 1937 914 2007 ὀνείρασιν,
961 1936 1092 1991 ἀνθ’
1137 1938 1268 1991 ὅτου
1307 1946 1479 1991 ταῦτα
1524 1946 1689 1991 ποιοῖ.
1765 1938 1895 2006 πέμ-
1920 1961 1964 1994 80

210 2043 367 2078 πεται
401 2027 467 2094 δὴ
501 2026 668 2078 πάλιν
697 2026 806 2079 ὑπὸ
838 2035 950 2079 τῶν
977 2028 1342 2095 κεκινηκότων
1373 2025 1463 2079 καὶ
1494 2027 1594 2080 τὸν
1624 2027 1725 2093 μὲν
1755 2028 1898 2081 νεὼν

256 2247 258 2249 ’
333 2245 628 2289 2Aristareh.
647 2247 719 2289 tra
782 2244 837 2288 fr.
858 2248 932 2298 2‚5
952 2260 995 2301 p.
1011 2248 1093 2288 728
1109 2245 1165 2290 N.
1198 2245 1303 2289 Eur.
1322 2245 1422 2302 Iph.
1436 2245 1490 2287 A.
1506 2249 1590 2290 356
1656 2250 1710 2288 14
1726 2246 1894 2290 Athen.

212 2303 256 2347 Π
278 2308 334 2347 45
359 2302 402 2347 b.
421 2318 456 2348 e.
483 2304 668 2348 Hieron.
695 2261 765 2349 ag
780 2303 960 2348 Daniel.
987 2304 1048 2347 XI
1074 2308 1099 2347 6
1124 2320 1167 2361 p.
1190 2309 1272 2348 705
1375 2309 1427 2347 19
1453 2304 1570 2348 Plin.
1595 2304 1785 2348 XXXIV
1813 2310 1895 2349 148

337 2545 359 2584 1
385 2509 522 2598 zoom:
539 2540 656 2584 Plan
724 2557 806 2600 χορ
782 2540 862 2596 ρὸς
903 2538 1057 2585 UMor
1088 2541 1135 2583 et
1166 2553 1190 2583 e
1221 2539 1361 2597 χορὸν
1394 2553 1496 2584 corr
1527 2542 1588 2585 Μ
1597 2539 1614 2565 ²
1648 2541 1654 2597 Ι
1689 2539 1900 2599 μέγιστος

214 2599 317 2643 Mor
355 2601 403 2644 et
440 2614 464 2644 e
506 2598 718 2658 μέγιστον
758 2613 858 2643 corr
891 2601 951 2643 M
960 2597 977 2624 ²
1066 2596 1290 2656 μεγίστων
1329 2599 1372 2643 U
1411 2601 1458 2643 ef,
1499 2613 1641 2656 supra
1683 2598 1896 2657 μέγιστον

218 2687 325 2733 Mo’
445 2692 527 2731 3τ
528 2659 613 2703 ⁰v⁶
637 2689 699 2733 Μ
768 2686 826 2731 τὰ
852 2689 896 2732 Β
1016 2691 1043 2730 4
1076 2687 1125 2732 ἐκ
1156 2695 1247 2731 τῶν
1270 2690 1450 2731 πολλῶν
1484 2689 1557 2733 UI
1670 2692 1695 2731 6
1725 2688 1897 2742 ἀκροα-

217 2746 302 2797 τὰς
324 2747 370 2790 Β
490 2751 515 2790 8
539 2748 680 2802 πατρὶ
704 2747 880 2792 BMCa
1008 2750 1033 2790 9
1057 2746 1109 2791 τὸ
1138 2773 1189 2779 —-
1218 2750 1272 2790 10
1298 2744 1429 2805 φόβῳ
1454 2747 1571 2791 citat
1594 2746 1710 2790 Plan
1735 2746 1814 2791 fol.
1841 2751 1896 2791 99

278 2810 332 2850 16
376 2806 519 2850 αυτοῦ
561 2806 804 2851 UIBMOa
850 2807 898 2849 et
943 2819 1084 2862 supra
1129 2803 1309 2851 ἐκείνου
1342 2791 1449 2850 Mo‘
1531 2803 1710 2851 ἐκείνου
1757 2820 1898 2863 supra

215 2865 360 2910 αὐτοῦ
392 2864 450 2908 1²
523 2863 645 2922 cfip
651 2869 785 2919 .525,
805 2869 858 2909 10
994 2869 1051 2908 20
1090 2881 1135 2909 οι
1174 2865 1224 2908 in
1262 2871 1393 2908 ποιοῖ
1426 2865 1475 2908 in
1513 2878 1588 2909 ras
1620 2864 1692 2909 P*
1772 2873 1902 2911 ποιεῖ

223 2923 470 2968 UIBMCa
