2090 3162
208 157 316 209 404
773 154 999 199 LIBANH
1031 154 1252 198 ORATIO
1285 155 1326 197 X

208 294 483 360 βλαβερὰν
523 292 655 352 δοὺς
701 299 815 352 τοῖς
847 288 1163 358 Ὀλυμπίοις
1202 291 1301 357 τὴν
1341 291 1513 358 χάριν.
1593 298 1738 342 ποιεῖ
1785 292 1887 359 γὰρ

210 382 277 448 δὴ
329 382 617 441 διπλασίας
666 379 759 440 τὰς
811 378 972 447 ἕδρας
1022 380 1116 440 τὰς
1167 380 1388 440 λιθίνας
1438 384 1512 450 τῷ
1557 383 1886 447 προσθεῖναι

209 476 493 535 τοσοῦτον,
544 467 750 520 ὁπόσον
799 463 868 534 ἧν
906 468 1188 535 πρότερον.
1264 475 1409 519 ποιεῖ
1456 463 1515 518 δὲ
1562 466 1651 519 καὶ
1697 467 1887 519 διπλα-

166 581 187 611 4
213 559 365 618 σίους
413 558 543 618 τοὺς
591 554 678 607 ε’πὶ
717 556 817 623 τὴν
866 554 1007 607 θέαν
1060 557 1256 617 ἰόντας.
1339 555 1419 606 10.
1471 554 1560 607 καὶ
1611 552 1751 623 ἦσαν
1789 555 1889 623 μὲν

123 660 163 701 R
186 663 268 701 265
302 648 357 697 οἳ
391 646 695 711 περιιόντες
734 644 806 705 ὡς
846 642 923 695 ἐπ’
972 641 1113 714 ἔργῳ
1158 645 1390 713 γενναίῳ
1426 641 1431 712 Ι
1467 644 1564 695 τὸν
1595 641 1889 713 Ἀργύριον

210 731 467 802 ἐπῄνουν,
500 738 825 799 νενικῆσθαι
858 734 987 794 τοὺς
1019 733 1124 801 πρὸ
1160 732 1332 784 αὐτοῦ
1368 731 1617 799 λέγοντες
1649 733 1889 794 ἅπαντας

210 829 284 894 τῷ
316 819 680 892 πεποιημένῳ,
724 819 877 873 τουτὶ
926 821 986 872 δὲ
1033 821 1138 887 ἄρα
1183 819 1371 886 ἔμελλέ
1407 840 1457 872 τι
1497 822 1742 887 κινήσειν
1780 829 1889 872 τῶν

213 910 457 962 ἐνταῦθα
496 911 760 978 νομίμων,
800 908 891 961 καὶ
932 907 1209 977 συνεισήει
1255 917 1370 971 τοῖς
1414 910 1634 961 πλείοσι·
1667 915 1890 971 θεαταῖς

213 999 388 1051 πολλὰ
436 1008 547 1051 τῶν
598 1000 915 1066 ἔμπροσθεν
965 998 1065 1050 οὐκ
1118 999 1309 1050 ὄντων.
1386 996 1414 1050 ὁ
1456 997 1516 1050 δὲ
1562 995 1676 1066 μετ’
1725 997 1890 1067 ὀργῆς

148 1110 189 1142 1ο
214 1087 382 1139 ἐπιὼν
431 1093 506 1157 τῷ
555 1088 901 1156 θορυβοῦντι
953 1087 1012 1138 τὸ
1063 1086 1163 1152 μὲν
1213 1088 1415 1139 ἔπαυεν
1462 1087 1541 1150 ἄν,
1591 1087 1652 1138 τὸ
1695 1085 1741 1138 δ’
1784 1087 1889 1148 >οὐκ

213 1170 374 1245 εἶχεν,
415 1171 483 1242 ἧν
523 1173 572 1226 δ’
618 1174 687 1227 ἂν
726 1177 956 1242 βελτίων
994 1184 1175 1243 τηρῶν
1213 1177 1272 1227 τὸ
1312 1176 1645 1243 καθεστηκὸς
1683 1178 1891 1243 μᾶλλον

213 1263 246 1332 ἢ
287 1266 475 1333 χρείαν
514 1263 806 1332 φαρμάκου
846 1274 1035 1316 ποιῶν.
1117 1265 1196 1316 11.
1250 1263 1393 1332 ὅμως
1431 1262 1479 1315 δ’
1525 1260 1595 1331 ἦν
1632 1283 1712 1326 τις
1752 1264 1897 1335 αὐτῷ

213 1351 305 1405 καὶ
344 1351 403 1405 ἐκ
442 1353 654 1405 τούτων
691 1352 863 1420 ἡδονὴ
904 1353 1038 1422 πρὸς
1075 1354 1134 1404 τὸ
1174 1351 1341 1405 πλέον
1372 1351 1629 1419 βλέποντι
1660 1353 1750 1405 καὶ
1781 1362 1892 1405 τῶν

215 1442 578 1509 ὑμνησόντων
608 1441 669 1493 τὸ
700 1442 1216 1510 προσγενησόμενον
1246 1441 1348 1494 οὐκ
1378 1441 1586 1509 ἠπόρει,
1618 1443 1670 1493 οἳ
1700 1442 1760 1493 τὸ
1791 1438 1892 1507 μὲν

152 1552 194 1584 15
219 1529 502 1591 ἀπολωλὸς
528 1530 668 1581 ἰδεῖν
684 1529 785 1582 οὐκ
810 1527 1094 1596 ἐδύναντο,
1110 1527 1260 1596 <δι’>
1276 1528 1304 1581 ὃ
1331 1529 1392 1581 δὲ
1416 1528 1713 1596 ἀπωλώλει,
1731 1537 1891 1582 τοῦτο

215 1617 352 1686 μέγα
406 1614 545 1685 ἦγον
597 1618 687 1669 καὶ
741 1619 981 1686 χρήστην
1035 1618 1179 1689 αὐτῷ
1232 1625 1325 1684 τῆς
1379 1618 1597 1686 χάριτος
1649 1619 1892 1685 ἔφασκον

217 1703 358 1759 εἶναι
397 1707 495 1758 τὸν
518 1708 642 1758 Δία.
709 1706 791 1758 12.
830 1704 1023 1774 ἠξίουν
1061 1706 1162 1774 μὲν
1201 1702 1304 1758 οὖν
1343 1707 1512 1773 ἔγωγε
1555 1705 1889 1774 Φασγάνιον,

215 1804 326 1847 τῶν
357 1796 531 1847 θείων
561 1815 653 1861 μοι
685 1795 782 1846 τὸν
806 1794 1090 1864 νεώτερον,
1122 1794 1294 1862 μηδὲν
1323 1795 1458 1862 πρὸς
1489 1801 1657 1846 ταῦτα
1688 1800 1891 1847 παθεῖν

218 1884 307 1936 καὶ
346 1891 515 1936 ταῦτα
554 1884 821 1952 φρονήσει
855 1883 1126 1935 δοκοῦντα
1158 1882 1458 1952 διαφέρειν,
1499 1882 1634 1936 ἀλλὰ
1663 1884 1762 1935 τὸν
1790 1884 1891 1950 μὲν

151 1994 192 2026 20
217 1970 333 2024 ἀντ’
387 1971 604 2040 ἀγαθοῦ
658 1973 828 2024 κακόν
872 1991 924 2023 τι
969 1971 1318 2039 πεποιηκέναι
1366 1973 1620 2040 νομίζειν,
1674 1981 1785 2024 τῶν
1832 1973 1892 2024 δὲ

216 2065 534 2128 καταγελᾶν,
589 2060 660 2122 ὡς
714 2058 1188 2128 ἀπολελειμμένων
1240 2067 1335 2127 τῆς
1388 2060 1563 2127 ὀρθῆς
1614 2061 1739 2130 περὶ
1776 2067 1890 2113 τοῦ

216 2150 529 2219 πράγματος
580 2151 823 2219 κρίσεως.
918 2147 1000 2200 13.
1056 2155 1162 2201 νῦν
1216 2146 1262 2200 δ’
1325 2147 1353 2200 ὁ
1408 2149 1633 2210 συνετὸς
1685 2147 1892 2210 ἐκεῖνος

218 2236 422 2306 ἐδήχθη
469 2237 570 2305 τὴν
615 2239 814 2306 ψυχήν,
862 2235 1272 2304 έζηλοτύπησεν,
1320 2234 1637 2304 ἐμιμήσατο,
1684 2237 1784 2303 τὴν
1823 2236 1888 2289 οὐ

336 2431 361 2468 2
393 2425 451 2482 δὴ
484 2439 558 2469 om
587 2427 623 2469 I
639 2425 772 2482 Bong
898 2430 923 2467 3
956 2425 1014 2481 δὴ
1045 2426 1138 2469 ΑΡ
1253 2430 1279 2469 5
1310 2422 1567 2479 περιιόντες
1597 2437 1621 2467 e
1654 2422 1889 2479 περιόντες

219 2498 319 2528 corr
344 2484 406 2529 GP
474 2482 719 2540 παριόντες
741 2485 810 2527 Re
839 2497 1082 2540 perperam
1104 2482 1368 2539 παριιόντες
1398 2483 1447 2525 in
1471 2484 1515 2527 A
1547 2483 1641 2539 legi
1666 2496 1887 2537 asserens

218 2542 275 2586 cf,
293 2558 337 2599 p.
355 2547 454 2596 407,
476 2548 528 2587 18
649 2548 674 2586 6
701 2541 729 2602 ᾑ
751 2543 800 2586 in
824 2542 1026 2601 ἐπῄνουν
1050 2543 1098 2586 in
1123 2556 1196 2586 ras
1213 2542 1284 2586 P³
1405 2546 1428 2585 7
1454 2548 1639 2598 κινῆσαι
1655 2543 1690 2584 Ι
1698 2542 1830 2598 Bong

218 2607 245 2645 8
269 2601 494 2661 συνεισῄει
519 2602 682 2658 scripsi
703 2560 911 2645 auctore?
916 2601 983 2644 Re
1045 2601 1202 2660 συνῄει
1225 2601 1335 2644 libri
1358 2600 1490 2658 Bong
1549 2600 1636 2657 γὰρ
1662 2599 1888 2673 συνεισῄει

221 2659 376 2704 Gasda
518 2665 571 2703 13
603 2664 653 2704 τό
691 2673 765 2703 ras
806 2674 907 2704 corr
943 2673 968 2703 e
999 2667 1059 2703 τῶ
1095 2661 1133 2704 Ο
1271 2663 1325 2702 14
1355 2658 1778 2716 προσγεγενημένοι)
1811 2660 1892 2704 GP

221 2720 301 2763 sed
346 2719 394 2762 in
440 2718 526 2763 hoc
571 2735 680 2775 γενη
726 2721 774 2762 et
819 2719 981 2762 acutus
1029 2733 1167 2775 supra
1211 2717 1427 2762 ultimum
1474 2733 1494 2761 ε
1539 2717 1588 2760 in
1634 2732 1708 2762 ras
1754 2717 1823 2761 m³

224 2783 277 2821 15
309 2775 410 2836 (δι’
418 2777 450 2836 >
484 2776 508 2822 ὃ
541 2778 705 2834 scripsi
788 2776 812 2822 ὃ
850 2777 959 2821 libri
989 2777 1121 2835 Bong
1211 2780 1293 2821 aut
1330 2774 1415 2831 ὑφ’
1451 2773 1505 2820 οὗ
1545 2777 1768 2821 ἀπολώλει
1807 2777 1889 2820 aut

222 2835 246 2881 ὃ
277 2850 498 2894 προσεγεγ
501 2834 597 2881 όνει
629 2851 732 2881 com
763 2836 830 2879 Re
913 2853 948 2895 ῳ
974 2835 1174 2879 Sintenis
1216 2836 1223 2894 Ι
1297 2835 1392 2878 rius
1423 2852 1458 2878 ω
1489 2836 1536 2878 in
1570 2836 1803 2879 ἀπωλώλει
1833 2848 1887 2878 ex

222 2911 246 2938 ο
279 2909 379 2939 corr
401 2895 472 2940 1³⁸
554 2895 776 2940 ἀπολώλει
806 2881 939 2952 Bong
979 2895 985 2953 Ι
1026 2902 1188 2939 τοῦτον
1219 2911 1250 2950 μ
1276 2911 1363 2951 γαν
1387 2893 1589 2938 Sintenis
1723 2899 1775 2937 18
1806 2893 1887 2938 τὸν

221 2956 356 2998 θεῖον
379 2956 414 2998 Ι
429 2952 562 3011 Bong
609 2954 615 3012 Ι
663 2953 780 3009 πρὸς
809 2966 883 2997 0111
906 2953 952 2997 P
