2090 3162
250 137 355 188 348
789 137 1014 180 LIBANII
1047 135 1387 180 ORATIONES

361 278 641 325 Philostrati
690 276 939 337 Sopltistae
990 292 1044 324 eoe
1093 277 1316 324 Heroicis
1354 277 1568 325 Phoeniae
1617 293 1724 325 cum
1772 278 1934 326 scholl.

253 353 377 399 inter
417 352 570 399 lineas

362 425 598 472 Eiusdem
621 426 891 485 imaginum
915 425 1034 472 liber
1049 426 1305 484 perfectus.
1353 425 1603 472 Manuelis
1626 426 1935 486 Mosclzopuli

252 499 458 558 epistula
497 503 538 545 ct
575 499 875 559 liyposchesis

364 572 567 620 Libanii
618 572 868 631 Sophistae
921 571 1208 620 Antiocheni
1266 587 1321 620 ex
1377 571 1648 633 Coelesyria
1707 574 1808 621 vita
1871 574 1936 622 ab

250 646 486 705 Eunapio
526 649 794 705 conscripta

361 720 596 767 Eiusdem
634 721 839 767 Libanii
879 722 1031 767 oratio
1062 721 1433 780 prosplio-netica
1473 721 1537 768 ad
1576 721 1832 769 Iulianum

361 794 598 841 Eiusdem
638 796 791 841 oratio
832 795 896 841 ad
937 795 1176 841 Troianos
1215 795 1272 841 de
1310 793 1500 842 Helena

359 866 481 915 Alia
520 869 584 915 de
622 868 1093 916 insatiabilitate

360 939 481 989 Alia
519 956 574 989 ea:
603 943 1048 1002 proqymnasmatis
1087 942 1144 989 de
1181 944 1286 989 irae
1323 944 1671 1001 vituperatione

363 1014 485 1063 Alia
524 1017 580 1063 de
620 1016 750 1063 bovis
791 1019 998 1064 encomio

361 1090 598 1137 Eiusdem
635 1092 768 1137 ruris
808 1094 850 1138 et
886 1092 1023 1138 urbis
1062 1092 1356 1149 comparatio

361 1164 599 1211 Eiusdem
639 1164 882 1222 ecplzrasis
921 1178 1091 1212 cursus
1128 1165 1326 1211 heroum

365 1238 636 1297 Ecplirasis
677 1238 830 1285 altera
869 1239 1200 1297 descriptionis

671 1312 823 1359 altera
861 1315 987 1360 veris

675 1386 829 1433 altera
867 1387 1186 1434 kalendarum

674 1460 827 1507 altera
866 1461 1104 1508 ebrietatis

675 1533 829 1581 altera
869 1534 977 1582 belli

671 1608 830 1655 altera
869 1609 1012 1656 aulae
1050 1610 1103 1655 in
1140 1607 1328 1656 senatu.

360 1681 595 1728 Eiusdem
635 1681 760 1740 Quod
806 1682 1028 1730 ditescere
1072 1683 1250 1729 iniuste
1286 1682 1530 1741 infelicius
1569 1685 1636 1730 est
1674 1696 1820 1742 quam
1857 1683 1935 1729 in-

255 1768 391 1814 opem
427 1756 550 1813 sieri.

361 1830 571 1876 eiusdem
610 1829 667 1876 de
706 1831 929 1877 amicis.

363 1903 625 1961 Euripidis
664 1903 896 1962 epistulae
933 1903 999 1950 ad
1037 1903 1250 1951 diversos

358 1977 677 2035 Hippocratis
715 1977 945 2036 epistulae
986 1976 1126 2025 XIV
1159 1980 1201 2025 et
1237 1975 1527 2025 Artaoeerxis

358 2050 623 2098 Democriti
662 2051 892 2109 epistulae
933 2051 998 2098 ad
1036 2051 1384 2110 Hippocratem
1430 2054 1473 2099 et
1509 2051 1825 2110 Hippocratis
1868 2051 1939 2099 ad

248 2124 578 2172 Democritum
617 2127 659 2171 et
697 2125 763 2171 ad
805 2125 1087 2172 Thessalum

359 2198 600 2245 Heracliti
631 2199 863 2257 epistulae
904 2198 1050 2246 VIII
1081 2200 1146 2246 ad
1176 2198 1534 2246 Hermodorum
1565 2202 1608 2246 et
1637 2198 1852 2246 Darium
1891 2201 1937 2245 et

252 2271 376 2319 alios
415 2275 458 2319 et
493 2272 645 2319 Darii
685 2273 750 2319 ad
788 2273 1094 2320 Heraclitum

359 2345 592 2405 Dioyenis
636 2345 804 2406 Cynici
847 2347 1078 2404 epistulae
1112 2346 1304 2393 XXIX

364 2418 568 2466 Cratetis
607 2419 838 2479 epistulae
878 2419 1019 2468 XIV

357 2492 577 2560 Blatonis
617 2493 847 2552 epistulae
895 2493 977 2541 VI

357 2563 613 2614 Aeschinis
652 2566 875 2614 Rhetoris
914 2566 1144 2626 epistulae
1183 2566 1273 2615 IV

359 2639 568 2687 Libanii
603 2639 854 2699 Sophistae
903 2641 1131 2688 monodia
1170 2641 1236 2688 ad
1281 2640 1628 2699 Imperatorem
1675 2639 1934 2689 Iulianum

358 2711 540 2772 Aesopi
578 2714 870 2772 fabulatoris
907 2716 1010 2762 vita

360 2786 598 2834 Eiusdem
635 2787 833 2847 fabulae
871 2786 1144 2835 CXXVII

359 2860 545 2908 Basilii
596 2861 775 2920 Mayni
828 2861 894 2908 ad
951 2863 1146 2909 iuvenes
1171 2870 1174 2873 '
1199 2861 1256 2908 de
1307 2861 1510 2908 utilitate
1564 2874 1686 2920 quae
1737 2860 1930 2919 percipi
2003 2901 2006 2904 ,
2070 2868 2076 2872 ’

239 2936 398 2993 potest
428 2948 483 2981 ex
521 2933 658 2981 libr-is
693 2934 945 2993 gentilium
